1488 2436
127 97 180 137 30
512 107 601 138 GAI
631 107 860 138 SALLUSTI
891 107 1045 137 cmsm

176 220 284 255 teres
314 216 518 265 videbant,
549 217 650 255 alies
676 218 735 255 ita
763 217 924 265 divites,
953 220 1000 254 ut
1028 216 1138 266 regie
1166 220 1278 255 victu
1306 220 1428 267 atque

177 280 291 317 cultu
316 283 490 318 aetatem
515 284 691 329 agerent,
714 280 791 318 sibi
820 279 1004 330 quisque,
1025 286 1061 318 si
1087 280 1131 317 in
1159 286 1282 318 armis
1310 280 1428 329 foret,

124 351 142 380 7
175 355 225 380 ex
259 343 431 382 vietel-ia
462 343 564 381 talia
592 343 791 393 sperabat.
849 344 1066 381 Praeterea
1086 343 1296 391 iuventus,
1325 355 1429 392 quae

26 421 38 438 ι
177 406 221 443 in
240 413 347 455 agris
367 418 559 444 manuum
578 406 763 444 mercede
782 406 962 456 inopiam
981 406 1237 454 toleraverat,
1257 409 1430 456 privetis

0 447 162 533 2⁸²:ss
177 473 299 519 atque
327 469 816 523 publifflargitienibus
840 469 975 507 excita
999 469 1199 507 urbanum
1219 469 1348 507 etium
1374 469 1431 506 in-

126 541 144 570 8
177 536 291 580 grate
310 532 440 571 laberi
460 532 721 582 praetulerat.
776 533 857 570 Ees
877 535 1000 582 atque
1016 531 1117 570 alies
1133 537 1263 570 omnis
1278 531 1431 570 malum

178 595 386 645 publicum
415 596 568 634 alebat:
609 601 688 645 que
717 595 852 633 minus
885 595 1115 632 mirandum
1148 599 1211 633 est
1246 595 1431 633 homines

178 662 347 707 egentis,
367 659 488 697 malis
508 658 699 706 inesibus,
720 664 911 696 maxuma
930 664 1013 707 spe,
1034 663 1093 695 rei
1111 657 1297 707 pfiblicae
1315 657 1451 706 iuxta«

125 728 144 756 9
177 733 224 759 ac
250 721 329 760 sibi
353 721 616 760 censuluisse.
673 722 890 759 Praeterea
908 726 1079 770 querum
1101 720 1271 758 victeria
1294 720 1431 758 Sullae

0 775 90 824 ”aa
105 804 114 816 ·
179 788 367 834 parentes
396 788 626 834 prescripti,
647 784 753 822 bona
771 787 921 834 erepta,
942 777 1005 821 ius
1026 783 1228 821 libertatis
1248 782 1433 820 immimi-

178 851 265 885 tum
283 851 381 896 erat,
398 847 508 885 haud
529 853 626 886 sane
645 846 726 885 alie
745 847 882 885 anime
900 845 1000 884 belli
1019 849 1208 883 eventum
1229 849 1434 895 exspecte-

127 917 163 946 10
178 910 287 948 bant.
344 910 412 948 Ad
439 911 515 948 hec
543 916 788 960 quicumque
809 909 982 948 aliarum
1008 912 1131 958 atque
1155 912 1320 947 senatus
1345 921 1433 958 par-

123 965 128 969 *
178 973 281 1011 tium
294 977 421 1022 erant,
437 973 672 1011 conturbari
690 985 775 1010 rem
788 972 994 1023 publicam
1009 984 1132 1022 quam
1147 971 1282 1010 minus
1297 971 1432 1010 valere

126 1045 161 1073 11
179 1037 260 1087 ipsi
288 1036 505 1075 malebant.
562 1037 614 1074 Id
641 1036 742 1075 adee
769 1036 923 1075 malum
948 1035 1100 1074 multes
1126 1038 1219 1085 post
1242 1040 1369 1074 annes
1389 1035 1433 1072 in

179 1099 389 1138 civitatem
413 1102 647 1138 reverterat.

131 1223 202 1257 The
230 1223 390 1267 complete
419 1222 620 1256 restoration
648 1221 693 1267 of
717 1222 770 1255 the
801 1221 969 1255 tribunale
1002 1221 1058 1255 led
1089 1226 1121 1255 to
1153 1232 1175 1255 a
1205 1220 1358 1266 struyyle
1385 1220 1434 1254 be-

172 1286 275 1313 tween
300 1280 352 1313 the
375 1290 491 1324 young
523 1280 712 1313 democrats
744 1279 817 1312 and
848 1279 901 1312 the
927 1283 1032 1322 party
1056 1277 1101 1323 of
1120 1278 1173 1311 the
1199 1277 1335 1319 Semne,
1359 1277 1434 1312 both

170 1336 343 1381 pursuiny
366 1336 479 1380 selfisk
504 1335 602 1377 aims,
627 1335 724 1369 while
742 1335 870 1380 posinq
894 1346 933 1368 as
950 1334 1109 1379 patriots.

230 1417 477 1457 XXXVIII.
514 1418 623 1455 Nam
636 1420 853 1467 postquam
865 1417 936 1456 Cn.
948 1415 1145 1466 Pompeis>
1159 1419 1201 1454 et
1214 1416 1271 1454 M.
1286 1415 1432 1455 Crasse

178 1481 413 1520 censulibus
440 1480 661 1518 tribunicia
695 1483 877 1530 potestas
914 1479 1107 1518 restituta
1141 1482 1216 1527 est,
1249 1478 1434 1517 homines

179 1544 459 1583 adulescentes
489 1555 687 1582 summam
716 1546 960 1593 potestatem
994 1546 1116 1591 nacti,
1145 1541 1297 1592 quibus
1321 1545 1434 1580 aetas

180 1607 420 1656 animusque
458 1606 575 1645 ferex
612 1609 716 1654 erat,
749 1611 915 1658 coepere
952 1608 1138 1644 senatum
1177 1604 1434 1643 criminande

180 1670 341 1720 plebem
377 1669 597 1717 exagitare,
626 1668 721 1706 dein
757 1667 972 1717 largiunde
1008 1671 1131 1717 atque
1167 1667 1434 1717 pollicitande

179 1733 308 1781 magis
354 1732 590 1770 incendere:
643 1731 703 1769 ita
746 1730 828 1780 ipsi
871 1730 973 1768 clari
1017 1734 1286 1780 potentesque
1331 1729 1430 1770 fieri.

127 1804 158 1832 2·
180 1796 331 1835 Contra
366 1801 434 1833 ees
471 1800 629 1833 summa
660 1805 735 1844 ope
771 1794 979 1832 nitebatur
1015 1793 1208 1842 pleraque
1239 1792 1434 1832 nebilitas

181 1862 346 1897 senatus
390 1857 523 1908 specie
564 1863 638 1907 pre
678 1862 753 1896 sua
789 1855 1086 1905 magnitudine·
1148 1855 1349 1904 Namque,
1387 1859 1434 1893 ut

106 1957 112 1965 ,
181 1927 321 1972 paucis
349 1927 487 1959 verum
517 1920 736 1968 absolvam,
759 1922 853 1969 post
880 1918 954 1957 illa
980 1922 1164 1968 tempora
1188 1924 1434 1968 quicumque

181 1997 266 2023 rem
284 1984 488 2035 pfiblicam
508 1983 726 2032 agitavere,
746 1982 928 2021 honestis
951 1981 1200 2030 neminibus,
1215 1980 1287 2019 alii
1313 1985 1435 2019 sicuti

181 2048 324 2099 populi
354 2048 445 2086 isira
476 2046 753 2094 defenderent,
783 2057 878 2095 pars
906 2050 986 2095 que
1016 2047 1181 2084 senatus
1211 2043 1433 2082 aucteritas

182 2118 374 2150 maxuma
402 2110 522 2158 foret,
550 2110 701 2148 bonum
730 2107 939 2158 publicum
972 2106 1213 2146 simulantes
1250 2112 1324 2156 pre
1361 2112 1435 2145 sue,

183 2174 355 2226 quisque
398 2172 584 2225 potentia
629 2172 849 2210 certabant.
913 2170 1058 2221 Neque
1103 2169 1189 2208 illis
1234 2169 1435 2207 modestia
