1488 2436
113 116 169 159 56
497 125 589 158 GAI
617 127 847 159 sALnus'rr
876 129 1035 160 cmsn

164 242 312 286 rcsque
339 235 449 286 ipscs
477 236 669 287 factaque
697 244 835 276 ectum
863 238 990 277 fortia
1017 243 1207 278 n6verat:
1246 251 1295 279 ea
1319 251 1422 280 com-

165 299 429 339 memorando
448 299 627 338 militum
647 300 805 340 animos
824 302 1079 341 accendebat.

481 408 552 443 The
569 410 679 444 battle.
733 410 913 445 Catiline's
930 411 1040 446 death.

216 488 303 526 LX.
345 488 426 526 Sed
461 487 543 536 ubi,
581 489 768 528 omnibus
801 490 921 528 rebus
958 490 1194 540 expleratis,
1232 491 1419 540 Petreius

162 552 262 590 tuba
298 557 459 599 signum
497 551 579 599 dat,
613 552 791 591 cohortis
828 553 1029 603 paulatim
1066 553 1251 592 incedere
1283 554 1418 603 iubet3

110 621 129 650 2
163 614 271 652 idem
302 614 404 652 facit
436 613 616 652 hostium
639 615 854 654 exercitus.
922 617 1145 666 Postquam
1177 623 1223 654 ec
1251 621 1443 656 ventum.

164 680 238 725 est,
258 677 365 714 unde
386 682 410 715 a
428 676 662 716 ferentariis
689 678 887 728 proelium
915 679 1116 718 committi
1143 683 1292 729 posset,
1313 686 1419 718 max-

162 747 257 778 um6
277 741 451 778 elamore
467 752 558 778 cum
579 741 744 780 infestis
759 748 887 790 signis
907 746 1176 781 concurrunt:
1207 743 1291 792 pila
1306 743 1419 781 omit-

111 810 130 839 3
162 807 269 852 tunt,
298 803 447 852 gladiis
476 809 539 842 res
569 804 733 852 geritur.
790 805 996 853 Veterani,
1026 805 1224 855 pristinae
1251 806 1419 845 virtutis

163 873 373 914 memores,
403 866 630 905 comminus
662 868 809 906 acriter
846 872 1011 916 instare,
1043 868 1108 906 illi
1136 869 1246 906 haud
1282 869 1419 907 timidi

109 937 129 966 4
161 930 382 986 resistunt—z
412 935 602 968 maxuma
630 937 669 968 vi
696 934 884 969 certatur.
941 931 1105 970 Interea
1124 932 1302 970 Catilina
1327 944 1419 970 cum

163 993 366 1043 expeditis
398 993 441 1030 in
474 999 608 1046 prima
639 994 725 1032 acie
755 1000 922 1042 voi-sari,
954 986 1233 1047 labcrantvibus
1264 1007 1419 1037 succur-

162 1068 262 1104 rere,
288 1056 469 1105 integros
502 1064 576 1108 prs)
608 1057 756 1096 sauciis
786 1069 1000 1111 arcessere,
1027 1057 1162 1096 omnia
1193 1058 1418 1107 providere,

163 1119 339 1158 multum
379 1121 467 1170 ipse
505 1126 698 1171 pugnare,
729 1132 848 1170 saepe
889 1120 1048 1158 hostem
1077 1121 1222 1159 ferire:
1262 1124 1418 1159 strenui

162 1182 309 1220 militis
335 1186 376 1222 et
394 1184 491 1223 boni
518 1183 776 1234 imperatoris
804 1183 935 1222 officia
962 1177 1084 1222 simul
1111 1184 1417 1233 exsequebatur.

109 1252 128 1281 5
164 1245 352 1284 Petreius
388 1247 459 1285 ubi
496 1247 610 1285 videt
646 1246 878 1294 Catilinam,
916 1250 1058 1285 contra
1088 1259 1134 1284 ac
1171 1250 1283 1285 ratus
1319 1251 1418 1295 erat,

162 1314 311 1357 magna
338 1316 381 1347 vi
399 1311 578 1358 tendere,
597 1310 804 1348 cohortem
830 1309 1075 1359 praetoriam
1108 1309 1151 1347 in
1170 1310 1324 1348 medicis
1352 1295 1436 1347 ho-'

164 1375 239 1410 stis
269 1372 428 1411 inducit
457 1380 607 1423 ecsque
633 1373 891 1423 perturbatcs
917 1376 1040 1422 atque
1070 1373 1171 1411 alics
1198 1373 1296 1411 alibi
1326 1373 1418 1411 resi-

164 1438 311 1474 stentis
340 1436 548 1484 interficit,
568 1436 716 1474 deinde
743 1436 949 1486 utrimque
969 1448 1020 1474 ex
1047 1436 1244 1474 lateribus
1264 1438 1417 1474 cetercs

110 1505 129 1534 6
164 1498 411 1546 adgreditur.
496 1499 678 1538 Manlius
714 1503 756 1537 et
791 1499 1045 1538 Faesulanus
1092 1499 1135 1536 in
1171 1505 1313 1548 primis
1350 1505 1418 1549 psi-

109 1568 127 1597 7
164 1565 336 1609 gnantes
357 1562 518 1601 cadunt.
576 1562 755 1602 Catilina
773 1565 987 1612 postquam
1010 1562 1124 1600 fusas
1143 1562 1280 1612 ccipias
1296 1568 1418 1611 seque

162 1635 254 1662 cum
281 1631 423 1674 paucis
452 1625 640 1664 relictum
667 1625 793 1674 videt,
822 1637 975 1663 memor
1004 1625 1162 1673 generis
1190 1628 1312 1674 atque
1341 1631 1418 1674 pri-

163 1687 296 1726 stinae
324 1700 420 1726 suae
448 1688 676 1737 dignitatis,
697 1688 741 1725 in
768 1688 1104 1727 ccnfertissumcs
1131 1687 1261 1726 hostis
1289 1687 1418 1726 incur-

162 1750 218 1789 rit
235 1750 374 1800 ibique
393 1758 579 1801 pugnans
599 1751 844 1790 ccnfoditur.

107 1866 341 1912 Appearance
363 1868 409 1912 of
427 1869 480 1902 the
501 1868 701 1912 battle-field
713 1867 803 1912 afler
823 1867 874 1902 the
889 1852 1009 1912 fiqhts
1042 1867 1164 1901 Severe
1182 1868 1284 1901 Iosses
1304 1868 1349 1912 of
1364 1869 1416 1902 the

612 1924 793 1958 victorious
810 1935 917 1968 army.

210 2003 321 2042 LXI.
362 2004 442 2042 Sed
461 2004 646 2043 ccnfectf)
661 2003 815 2054 pr0e1i6
830 2007 918 2042 tum
938 2010 1033 2042 vers)
1048 2010 1243 2052 cerneres,
1264 2009 1415 2054 quanta

159 2066 327 2105 audacia
350 2071 584 2117 quantaque
612 2067 740 2105 animi
767 2073 829 2105 vis
850 2066 999 2105 fuisset
1025 2066 1069 2104 in
1097 2066 1279 2104 exercitu
1308 2066 1414 2105 Cati-

107 2135 127 2165 2
159 2129 279 2168 linae.
334 2130 443 2168 Nam
461 2130 549 2168 fere
568 2142 689 2180 quem
708 2129 881 2180 quisque
900 2136 1015 2168 vivos
1044 2130 1264 2180 pugnands)
1282 2130 1415 2168 locum

108 2200 127 2228 3
159 2195 333 2244 ceperat,
348 2192 349 2196 ’
366 2205 459 2232 eum
490 2192 642 2232 amissa
676 2192 814 2232 anima
841 2204 1006 2244 corpore
1045 2193 1220 2242 tegebat.
1287 2193 1415 2231 Pauci
