1488 2436
468 77 670 108 BELLUM
700 76 988 108 CATILINAE.
1342 61 1398 104 35

70 194 183 246 plum
210 191 322 230 infra
341 192 543 241 scriptum
564 192 648 228 est:
671 188 705 217 '5‘
716 188 799 234 Qui
826 187 918 237 sim,
939 199 991 226 ex
1010 193 1059 226 eo
1078 198 1203 238 quem
1223 185 1278 225 ad.
1305 188 1348 224 te

69 263 174 306 misi,
194 261 423 306 cognosces.
479 254 563 292 Fac
583 253 764 303 cogita&
774 252 819 291 in
838 255 997 303 quanta
1016 251 1255 290 calamitate
1276 256 1349 300 sis,
1382 258 1402 286 5

69 325 112 361 et
129 319 363 373 memineris
386 322 429 357 te
449 318 584 357 virum
603 329 715 357 esse:
746 316 981 356 consideres
1002 316 1231 367 quid·tuae
1251 315 1349 355 rati·
1422 335 1434 348 ι

69 392 166 426 onas
193 384 426 436 postulent:
458 382 662 422 auxilium
690 386 809 433 petas
837 381 890 420 ab
918 380 1123 430 omnibus,
1145 380 1271 419 etiam
1295 380 1348 419 ab

68 449 279 489 insumis.''
334 448 403 486 Ad
421 447 498 487 hoc
518 447 714 486 mandata
734 447 871 486 verbis
891 446 986 485 dat:
1013 458 1106 485 omn
1128 445 1180 484 ab
1199 448 1347 484 senatu
1382 452 1402 482 6

68 514 199 554 hostis
229 513 434 552 indicatus
465 512 531 562 sit,
553 518 635 563 quo
654 511 829 551 consilio
853 510 1027 551 servitia
1044 509 1240 562 repudiet
1253 511 1273 548 ?
1303 509 1349 548 in

68 579 166 618 urbe
185 582 330 630 parata
348 589 438 617 csse
464 589 570 628 quae
599 576 791 616 iusserit:
821 582 874 615 ne
902 578 1121 615 cunctetur
1149 574 1239 626 ipse
1258 586 1349 626 pro-

68 643 162 696 pius
180 643 382 682 accedere.

96 778 167 813 The
195 778 309 814 Gauls
332 778 406 812 and
435 776 638 813 Volturcius
662 788 723 811 are
748 776 904 812 arrested
932 776 1027 811 when
1052 775 1194 822 leaving)
1217 776 1272 810 the
1297 775 1378 821 city.

120 870 249 909 XLV.
287 870 368 908 His
388 869 509 908 rebus
529 868 590 907 ita
608 872 724 917 actis,
741 867 971 907 constituta
989 871 1109 907 nocte
1128 873 1212 919 qua
1231 867 1351 919 profi-

68 938 329 982 ciscerentur,
346 933 489 973 Cicero
504 945 577 984 per
592 933 750 982 legatos
765 936 914 971 cuncta
928 932 1105 971 edoctus
1117 933 1164 971 L.
1179 931 1350 972 Valerio

69 999 215 1038 Flacco
234 1002 277 1037 et
296 998 340 1037 C.
361 998 585 1048 Pomptino
604 997 864 1048 praetoribus
885 997 1075 1048 imperat,
1090 1000 1139 1036 ut
1157 996 1203 1035 in
1222 1000 1349 1047 ponte

69 1062 230 1102 Mulvio
262 1074 336 1113 per
363 1061 537 1101 insidias
565 1061 838 1111 Allobrogum
866 1062 1087 1101 comitatus
1124 1061 1350 1112 deprehen-

68 1127 190 1177 dant3
220 1139 304 1166 rem
343 1139 506 1165 omnem
544 1126 690 1177 aperit,
729 1126 848 1166 cuius
885 1126 1021 1181 gratia
1050 1126 1348 1176 mittebantur3

68 1195 212 1241 cetera,
242 1195 306 1230 uti
342 1191 456 1230 facto
484 1203 588 1242 opus
617 1190 684 1240 sit,
719 1190 781 1230 ita
816 1194 954 1240 agant,
984 1190 1203 1242 permittit.
1259 1190 1345 1240 1111,
1382 1197 1403 1227 2

68 1255 254 1295 homines
282 1255 498 1304 militares,
530 1255 619 1295 sine
647 1255 832 1294 tumultu
860 1255 1080 1306 praesidiis
1108 1255 1347 1305 conlocatis,

69 1326 191 1360 sicuti
208 1324 472 1371 praeceptum
483 1323 584 1370 erat,
598 1320 758 1359 occulte
777 1323 949 1371 pontem
966 1320 1180 1360 obsidunt.-
1230 1321 1347 1360 Post-
1383 1327 1403 1358 3

68 1397 189 1436 quam
209 1385 261 1424 ad
280 1384 324 1424 id
343 1384 424 1424 loci
443 1384 572 1434 legati
591 1397 684 1424 cum
699 1384 917 1425 Volturcio
935 1388 1141 1424 venerunt
1160 1388 1202 1424 et
1222 1384 1349 1424 simul

68 1450 275 1501 utrimque
302 1449 456 1489 clamor
484 1453 653 1488 exortus
681 1453 757 1499 est,
787 1449 914 1499 Galli,
943 1449 1030 1489 cito·
1054 1449 1221 1500 cognito
1257 1455 1349 1489 con-

68 1513 174 1563 silio,
212 1514 300 1554 sine
336 1520 452 1553 mora
486 1514 762 1565 praetoribus,
783 1520 838 1567 sa⁸
864 1514 1047 1555 tradunt.
1105 1514 1345 1555 Volturcius
1381 1522 1402 1552 4

68 1584 200 1629 primo
227 1578 465 1618 cohortatus
494 1582 652 1618 ceteros
689 1578 830 1628 gladio
859 1585 903 1618 sa
928 1584 954 1617 a
978 1578 1251 1618 multitudine
1281 1579 1349 1618 da—

68 1642 215 1692 fendit,
235 1643 384 1682 deinde
399 1643 472 1682 ubi
491 1649 517 1682 a
534 1642 684 1693 legatis
705 1643 893 1682 desertus
911 1646 990 1692 est,
1006 1643 1141 1683 multa
1158 1643 1275 1694 prius
1295 1643 1348 1683 de

69 1706 201 1746 salute
229 1698 599 1758 sua*Pomptinu.m
625 1707 876 1756 obtestatus5
890 1707 999 1759 quod
1028 1714 1069 1747 ei
1095 1712 1220 1748 notus
1241 1711 1345 1758 erat3

68 1774 273 1822 postremo
291 1771 464 1811 timidus
485 1784 532 1811 ac
552 1775 664 1811 vitae
684 1771 883 1811 diffidens
902 1771 1020 1812 velut
1045 1772 1348 1813 hostibus'sese

68 1836 324 1887 praetoribus
344 1836 472 1875 dedit.

72 1974 222 2011 Cicero’s
245 1976 428 2019 dilemma;
453 1977 494 2011 he
519 1983 648 2011 arrests
673 1977 726 2012 the
750 1977 897 2023 leading]
921 1977 1157 2023 conspirator-⁸
1181 1979 1257 2013 and
1280 1978 1401 2025 brinqs

495 2035 582 2069 them
606 2035 723 2081 before
747 2036 801 2070 the
827 2035 967 2070 Senate.

118 2124 271 2166 XLVI.
308 2125 466 2172 Quibus
503 2126 625 2165 rebus
656 2126 859 2165 confectis
897 2115 1038 2166 onmia
1064 2133 1241 2178 propere
1272 2139 1348 2179 per

67 2188 234 2229 nuntios
269 2189 430 2229 consult
466 2189 742 2229 declarantur.
810 2189 871 2229 At
906 2189 1031 2230 illum
1067 2190 1215 2241 ingens
1247 2197 1348 2232 cura
1381 2199 1401 2229 2
