1488 2436
453 104 655 135 BmUM
684 102 971 135 cAmmAE.
1323 90 1380 131 49

34 223 204 273 {poenas
215 216 355 265 dedit:
384 222 459 255 ves
478 216 531 254 de
550 215 866 255 crudelissumis
886 215 1107 266 parricidis
1126 214 1230 265 quid
1249 217 1329 254 sta-
1344 221 1382 251 31

35 283 182 323 'tuatis
200 280 454 320 cunctamini
468 282 488 319 ἱ)
544 280 755 319 Videlicet
782 284 922 318 cetera
943 284 1034 318 vita
1062 286 1203 318 cerum
1231 278 1329 317 huic
1345 286 1384 315 32

53 346 197 387 sceleri
233 345 381 384 obstat.
439 345 596 383 Verum
638 344 797 395 parcite
834 343 1034 393 dignitati
1072 343 1254 392 Lentuli,
1294 349 1331 382 si

52 411 141 463 ipse
171 409 410 462 pudicitiae,
443 415 480 447 si
513 409 650 447 famae
684 420 794 458 suae,
825 414 861 446 si
891 408 956 446 dis
988 412 1060 446 aut
1090 407 1330 447 hominibus

50 487 246 526 umquam
277 473 378 513 fillis
406 472 615 524 pepercit:
645 472 850 522 ignescite
883 472 1060 522 Cethegi
1093 471 1330 511 adulescen-
1344 480 1384 511 33

50 540 146 589 tiae,
165 538 248 578 nisi
274 538 427 577 iterum
454 537 617 588 patriae
644 536 802 576 bellum
829 536 944 575 fecit.
1001 537 1112 575 Nam
1132 536 1234 587 quid
1254 548 1330 586 ego
1345 543 1385 573 34

51 604 102 644 de
125 602 316 651 Gabinis),
338 601 520 651 Statilio,
541 601 743 652 Caeparie
768 601 916 652 loquar
929 602 949 639 ?
980 601 1132 652 quibus
1158 607 1196 640 si
1221 600 1332 651 quic·

51 681 174 720 quam
210 679 408 717 umquam
444 671 566 717 pensi
601 666 767 715 fuisset,
798 672 883 705 non
919 678 969 705 ea
997 665 1174 705 censilia
1202 665 1254 704 de
1286 671 1331 704 re

50 732 218 784 publica
251 731 508 770 habuissent.
569 731 801 779 Postreme,
838 734 979 781 patres
1016 733 1254 780 censeripti,
1294 736 1331 769 si
1347 737 1384 766 35

51 795 282 836 mehercule
310 799 480 846 peccate
508 794 623 834 locus
652 799 775 844 esset,
796 794 923 834 facile
951 798 1116 846 paterer
1135 800 1209 834 vos
1238 794 1332 845 ipse.

50 867 95 900 re
125 860 288 911 corrigi,
317 860 514 911 quoniam
551 860 680 898 verba
714 859 1005 898 contemnitis:
1045 859 1118 898 sed
1144 858 1331 910 undique

49 925 319 965 circumventi
355 937 510 963 sumus.
568 923 752 964 Catilina
789 936 885 962 cum
914 923 1100 962 exercitu
1136 923 1328 963 faucibus

49 993 181 1040 urget,
195 989 269 1028 alii
287 989 399 1027 intre.
412 988 577 1027 moenia
593 992 720 1039 atque
739 988 785 1026 in
805 988 900 1027 simi
918 987 1035 1027 urbis
1056 991 1154 1027 sunt
1172 987 1328 1038 hostes,
1359 1034 1399 1041 Ψ
1424 1030 1428 1032 ,

49 1066 183 1105 neque
209 1059 349 1105 pareri
376 1065 510 1103 neque
538 1052 702 1091 censuli
729 1052 954 1103 quicquam
982 1056 1121 1103 potest
1146 1007 1488 1107 occultem-‘¹⁹5

50 1125 131 1170 que
148 1118 281 1168 magis
300 1117 606 1169 properandum
625 1121 700 1156 est.

100 1183 192 1229 Que.
217 1189 262 1222 re
284 1194 360 1232 ego
386 1182 448 1224 ita
466 1188 636 1221 censeez
666 1194 760 1220 cum
779 1181 946 1221 nefarie
963 1181 1140 1221 censilie
1159 1181 1330 1221 scelera—
1344 1188 1383 1219 36

50 1250 185 1287 terum
204 1247 357 1286 civium
378 1253 444 1286 res
464 1246 633 1297 publica
658 1246 703 1285 in
722 1252 920 1285 maxuma
944 1246 1134 1297 pericula
1153 1245 1327 1295 venerit,

49 1318 169 1364 eique
186 1311 344 1351 indicio
361 1312 407 1350 T.
428 1311 620 1351 Volturci
638 1314 682 1350 et
699 1310 932 1360 legeterum
947 1310 1223 1360 Allobrogum
1238 1322 1330 1350 con-

49 1375 150 1416 victi
167 1376 430 1426 confessique
449 1375 548 1424 sint,
561 1375 742 1424 caedem,
757 1375 952 1414 incendia
965 1374 1132 1426 aliaque
1145 1381 1189 1414 se
1204 1375 1330 1414 foeda

49 1444 171 1492 atque
189 1440 375 1480 crudelia
397 1440 585 1479 facinora
611 1440 656 1478 in
675 1446 779 1479 civis
806 1439 1071 1490 patriamque
1099 1439 1325 1490 paravisse,

49 1502 100 1541 de
129 1502 343 1551 confessis,
377 1505 503 1541 sicuti
533 1502 586 1540 de
622 1501 874 1540 manufestis
902 1507 1041 1539 rerum
1070 1500 1328 1552 capitelium,

48 1573 160 1606 more
178 1566 381 1606 meierum
399 1565 653 1617 supplicium
673 1565 965 1605 snmundum.”

51 1689 168 1726 Cato’s
190 1691 310 1736 speech
335 1690 522 1736 approved.
570 1689 712 1725 Rome’s
738 1695 918 1736 yreatness
943 1689 975 1724 is
997 1689 1068 1724 due
1097 1695 1130 1725 to
1159 1702 1182 1724 a
1201 1689 1277 1736 few
1305 1701 1384 1725 men

93 1747 141 1794 of
154 1747 409 1794 distinquished
431 1747 557 1782 mer-its.
606 1747 653 1782 In
677 1759 734 1793 my
761 1747 841 1782 time
870 1747 924 1782 M.
957 1747 1046 1782 Cato
1071 1749 1145 1782 ancl
1174 1747 1216 1782 C.
1246 1747 1384 1783 Caesar

93 1817 181 1840 were
204 1807 289 1841 such
314 1818 401 1840 men.

101 1891 220 1930 LIII.
258 1892 489 1943 Postquam
531 1891 635 1932 Cate
682 1891 862 1940 adsedit,
903 1891 1142 1932 consuleres
1187 1898 1328 1932 omnes

0 1993 10 2009 τ
48 1954 230 2007 itemque
249 1960 418 1998 senatus
443 1962 595 2006 magna
621 1968 718 2007 pars
748 1956 998 1995 sententiam
1025 1956 1114 1995 eius
1140 1956 1327 2006 laudant,

0 2033 13 2045 ·-
49 2019 246 2060 virtatem
282 2019 413 2061 animi
448 2021 502 2059 ad
539 2020 699 2060 caelum
738 2020 902 2059 ferunt:
944 2020 1020 2059 alii
1057 2020 1162 2060 alies
1200 2020 1329 2060 incre-

49 2087 196 2134 pantes
213 2084 383 2125 timidos
402 2088 563 2133 vocant,
584 2085 686 2125 Cate
711 2084 847 2124 clarus
850 2088 994 2137 atque
1013 2097 1189 2135 magnus
1208 2085 1331 2125 habe-

48 2151 140 2188 tur·
167 2152 303 2189 senati
319 2149 538 2189 decretum
550 2148 612 2198 fit,
634 2152 760 2188 sicuti
779 2148 851 2199 ille
871 2144 1100 2202 censuerat.
1151 2165 1186 2183 w
1206 2143 1380 2179 &ww-⁶·
1410 2149 1456 2178 ’ν’
1484 2173 1488 2174 ⁷

101 2211 186 2254 Sed
206 2211 314 2254 mihi
339 2212 476 2253 multa
500 2201 672 2264 legenti,
694 2212 830 2252 multa
851 2213 1051 2262 audienti,
1071 2225 1178 2264 quae
1203 2226 1333 2267 popu-
1362 2221 1382 2251 2
