1488 2436
107 100 163 143 52
495 113 585 146 en
613 114 846 146 sALLUsn
875 115 1034 148 <21³1er
1445 0 1488 203 1

210 222 320 262 LVI.
358 223 468 261 Dum
500 235 549 262 ea
579 224 734 263 Romae
767 227 974 274 geruntur,
1007 224 1188 264 Catilina
1223 237 1274 264 ex
1305 231 1416 263 omni
1476 205 1488 278 ξ

159 285 288 335 copia,
314 299 434 335 quam
467 290 510 325 et
540 287 628 337 ipse
661 288 887 326 adduxerat
918 291 960 327 et
991 288 1173 326 Manlius
1205 288 1414 336 habuerat,
1482 285 1488 332 ξ

159 349 261 388 duas
289 349 469 398 legiones
498 350 694 398 instituit,
723 351 902 390 cohortis
930 357 1004 401 pro
1035 357 1204 389 numero
1235 351 1415 389 militum
1483 338 1488 398 Ξ

105 419 124 448 2
158 412 345 462 complet.
402 412 574 461 Deinde,
595 417 641 452 ut
661 413 832 463 quisque
853 414 1107 452 voluntarius
1127 418 1198 452 aut
1221 426 1271 452 ex
1295 414 1415 453 sociis
1484 407 1488 460 J

159 475 203 513 in
217 480 352 514 castra
365 480 544 524 venerat,
561 476 787 526 aequaliter
802 476 1079 525 distribuerat,
1095 489 1141 515 ac
1153 477 1268 515 brevi
1283 477 1416 526 spatio

159 537 339 587 legiones
367 545 536 578 numero
565 539 776 577 hominum
804 539 1052 590 expleverat,
1072 552 1164 578 cum
1192 535 1311 578 initio
1335 546 1417 578 non

106 608 126 637 3
160 601 337 651 amplius
357 602 512 641 duobus
531 602 698 641 milibus
717 603 939 642 habuisset.
997 603 1078 641 Sed
1097 615 1147 640 ex
1165 609 1276 640 omni
1299 602 1418 652 copia

159 664 321 703 circiter
348 677 442 715 pars
471 670 618 715 quarta
645 669 733 704 erat
765 666 1014 705 militaribus
1047 672 1172 704 armis
1204 669 1416 714 instructa,

159 732 295 775 ceteri,
315 732 361 766 ut
381 741 580 778 quemque
601 735 717 768 casus
738 732 977 777 armaverat,
994 735 1134 779 sparos
1153 733 1224 767 aut
1242 729 1415 777 lanceas,

106 799 125 827 4
161 790 233 829 alii
255 795 492 841 praeacutas
520 792 632 830 sudis
658 792 887 841 portabant.
946 792 1026 830 Sed
1051 795 1264 842 postquam
1292 792 1418 830 Anto-

159 854 252 893 nius
273 867 363 892 cum
385 854 566 892 exercitu
587 854 847 903 adventabat,
869 854 1049 893 Catilina
1070 867 1143 905 per
1165 858 1316 894 montis
1338 855 1417 893 iter

159 917 306 965 facere,
326 917 445 955 modo
465 917 518 955 ad
536 918 677 956 urbem
697 918 816 956 modo
841 918 885 956 in
911 918 1090 957 Galliam
1116 931 1258 956 vorsus
1283 922 1418 956 castra

158 986 332 1028 movere,
352 979 538 1018 hostibus
566 980 818 1019 occasionem
843 982 1054 1031 pugnandi
1078 987 1159 1020 non
1185 982 1301 1020 dare:
1333 987 1418 1031 spe-

158 1044 276 1082 rabat
307 1054 432 1094 prope
466 1043 573 1081 diem
607 1049 774 1093 magnas
808 1044 944 1095 copias
980 1051 1068 1083 sese
1099 1045 1347 1092 habiturum,
1381 1050 1418 1083 si

106 1117 125 1144 5
159 1107 314 1145 Romae
327 1106 427 1145 socii
439 1103 602 1157 incepta
613 1107 898 1158 patravissent.
946 1108 1110 1146 Interea
1121 1108 1291 1146 servitia
1304 1120 1418 1157 repu-

160 1170 311 1218 diabat,
340 1170 455 1208 eslius
482 1169 603 1209 initio
631 1170 683 1208 ad
715 1183 809 1209 eum
836 1177 1006 1220 magnae
1035 1171 1174 1221 copiae
1211 1176 1418 1209 concurre-

158 1233 268 1280 bant,
297 1233 443 1283 opibus
471 1233 765 1273 coniurationis
793 1234 937 1286 fretus,
967 1234 1090 1273 simul
1123 1234 1301 1272 alienum
1331 1239 1415 1272 suis

158 1296 386 1335 rationibus
405 1300 670 1343 existumans,
690 1297 823 1335 videri
849 1309 1014 1336 causam
1041 1297 1191 1335 civium
1219 1309 1312 1335 cum
1340 1308 1418 1335 ser·
1438 1297 1447 1305 '

157 1365 222 1398 vis
241 1359 433 1408 fugitivis
452 1359 825 1399 communicavisse.

106 1518 139 1553 A
137 1519 214 1564 fler
239 1520 292 1553 the
321 1519 499 1554 execution
527 1519 572 1565 of
594 1519 772 1562 Lentulus,
802 1520 953 1555 Catiline
981 1526 1122 1554 retreats
1150 1521 1281 1554 toward
1312 1519 1414 1554 Gaul.

164 1575 328 1610 Metellus
344 1577 422 1610 bars
438 1577 490 1610 his
508 1588 595 1621 way.
648 1576 800 1611 Catiline
816 1578 959 1611 resolves
976 1583 1007 1611 to
1025 1588 1154 1623 enyaye
1171 1576 1357 1611 Antonius.

211 1676 344 1715 LVII.
384 1676 463 1714 Sed
499 1679 716 1726 postquam
752 1676 797 1714 in
838 1681 973 1716 castra
1013 1677 1183 1716 nuntius
1228 1676 1417 1727 pervenit

159 1740 314 1778 Romae
364 1739 687 1777 coniurationem
738 1740 1002 1790 patefactam,
1051 1740 1102 1778 de
1150 1740 1327 1778 Lentulo
1374 1743 1416 1778 et

160 1802 340 1851 Cethego
371 1805 598 1852 ceterisque
628 1808 728 1852 quos
757 1809 880 1853 supra
907 1809 1138 1851 memoravi,
1169 1803 1415 1853 supplicium

161 1869 380 1915 sumptum,
409 1865 605 1915 plerique,
634 1872 736 1915 quos
773 1866 825 1904 ad
861 1866 1014 1904 bellum
1052 1873 1144 1916 spes
1181 1873 1415 1916 rapinarum

161 1932 231 1967 aut
251 1934 448 1966 novarum
468 1935 602 1966 rerum
623 1928 802 1967 studium
825 1929 1036 1977 inlexerat,
1057 1929 1306 1977 dilabuntur,
1327 1928 1417 1966 reli-

161 1998 261 2042 quos
285 1992 465 2031 Catilina
483 2005 555 2041 per
580 1996 730 2030 montis
757 1999 921 2042 asperos
947 1998 1105 2041 magnis
1130 1990 1347 2030 itinerib‘us
1372 1991 1416 2029 in

161 2067 302 2104 agrum
333 2055 626 2094 Pistoriensem
659 2055 826 2094 abducit
857 2061 904 2094 eo
933 2055 1116 2103 consilio,
1136 2058 1199 2093 uti
1230 2067 1302 2105 per
1339 2058 1417 2093 tra-

161 2118 283 2157 mites
319 2118 475 2156 occulte
511 2118 745 2168 perfugeret
780 2118 824 2156 in
867 2118 1047 2157 Galliam
1090 2118 1413 2168 Transalpinam.

108 2189 128 2218 2
163 2181 222 2220 At
253 2181 297 2227 Q.
328 2180 522 2220 Metellus
554 2180 672 2220 Celer
703 2193 796 2220 cum
823 2180 956 2220 tribus
983 2180 1212 2231 legionibus
1245 2180 1289 2218 in
1320 2186 1417 2229 agro
