1488 2436
109 96 165 138 42
493 108 583 141 GAI
614 109 846 141 SALLUSTI
877 110 1034 141 omem

159 215 261 265 fieri,
281 220 489 267 postreme
516 225 652 267 armis,
677 218 954 268 cadaveribus,
983 226 1123 258 cruere
1151 224 1274 271 atque
1299 222 1415 260 luctu

109 286 145 315 10
160 279 298 318 omnia
324 281 530 331 compleri.
588 282 680 330 Sed,
708 294 782 332 per
813 282 909 320 dees
942 282 1197 331 immortalis,
1230 290 1310 334 que
1341 284 1415 324 illa

161 342 292 382 eratis)
328 344 564 394 pertinuit?
619 344 686 382 An
723 348 786 383 uti
822 351 894 384 ves
933 346 1106 385 infestes
1144 347 1415 386 coniurationi

159 405 313 445 faceret
326 408 347 445 ἱ)
376 407 534 446 scilicet
559 420 679 458 quem
698 414 762 447 res
783 411 899 446 tanta
917 412 962 459 et
981 412 1065 447 tam
1092 413 1209 448 atrex
1231 416 1311 448 nen
1331 423 1415 460 per-

110 475 145 504 11
162 469 303 518 mevit,
324 482 416 508 eum
445 470 576 510 eretis)
604 471 807 509 accendet.
863 472 904 510 N
907 477 960 510 en
988 471 1048 510 ita
1075 476 1149 521 est,
1177 485 1309 522 neque
1337 479 1416 511 cui-

161 543 282 581 quam
300 533 535 572 mortelium
555 534 731 572 iniuriae
757 546 853 572 suae
882 546 1032 584 parvae
1051 535 1263 573 videntur:
1293 536 1415 574 multi

108 602 145 631 12
160 600 229 634 eas
248 596 414 645 gravius
434 603 564 647 aeque
583 597 772 636 habuere.
831 597 911 636 Sed
934 597 1016 636 alia
1035 597 1127 637 aliis
1152 598 1321 637 licentia
1339 602 1412 648 est,

160 661 297 708 patres
312 664 542 710 censeripti.
590 660 669 706 Qui
683 659 851 698 demissi
865 660 909 698 in
923 660 1092 699 obscure
1108 664 1236 699 vitam
1250 661 1412 710 habent,

160 727 198 760 si
224 721 324 772 quid
352 723 562 762 iracundie,
586 723 805 773 deliquere,
826 729 947 773 pauci
974 723 1130 772 sciunt3
1160 724 1272 762 sema
1291 728 1413 774 atque

158 784 328 832 (fortuna
346 792 484 824 cerum
504 793 622 836 pares
643 790 758 825 sunt:
789 792 861 836 qui
885 792 1032 835 magne
1051 786 1222 836 imperie
1238 787 1415 837 praediti

160 847 204 885 in
222 849 383 888 excelse
408 853 584 888 aetatem
606 853 743 899 agunt,
763 855 901 888 eerum
927 849 1040 887 facta
1064 853 1200 887 cuncti
1222 850 1413 889 mortales

108 918 145 947 13
160 917 319 950 nevere.
375 913 443 951 Ita
469 912 513 950 in
538 918 730 951 maxume,
754 912 923 951 fortune,
940 912 1123 950 minuma
1141 912 1310 951 licentia
1328 917 1411 962 est;

161 987 293 1025 neque
322 976 484 1014 studere
504 987 635 1026 neque
661 975 807 1024 edisse,
828 976 900 1014 sed
927 975 1107 1013 minume
1130 981 1252 1014 irasci
1274 976 1411 1015 decet:

108 1046 144 1075 14
160 1050 263 1088 quae
282 1039 391 1089 apud
410 1039 512 1078 alies
532 1039 745 1078 iracundia
764 1038 925 1088 dicitur,
945 1051 993 1077 ea
1017 1039 1060 1076 in
1086 1038 1258 1089 imperis)
1278 1051 1413 1089 super-

109 1111 144 1140 15
160 1102 228 1141 bia
265 1106 387 1152 atque
423 1102 644 1141 crudelitas
687 1101 930 1152 appelletur.
1002 1102 1205 1152 Equidem
1246 1114 1319 1151 ego
1355 1109 1414 1141 sic

161 1169 375 1214 existume,
403 1169 540 1215 patres
576 1168 810 1215 censcripti,
838 1170 969 1204 omnis
1001 1165 1204 1204 cruciatus
1237 1165 1413 1205 mineres

161 1241 284 1279 quam
302 1228 485 1267 facinora
503 1228 668 1267 illerum
688 1240 797 1267 esse:
828 1228 899 1267 sed
926 1228 1111 1278 plerique
1130 1229 1321 1267 mortales
1347 1242 1414 1280 po-

161 1296 312 1332 strema
329 1291 549 1330 meminere
568 1295 610 1330 et
627 1291 673 1329 in
690 1291 923 1330 hominibus
941 1291 1080 1342 impiis
1096 1291 1258 1331 sceleris
1274 1299 1412 1331 cerum

159 1355 279 1395 obliti
298 1355 348 1393 de
367 1361 497 1405 poene
515 1354 734 1403 disserunt,
755 1361 791 1393 si
810 1366 858 1393 ea
875 1354 998 1405 paule
1017 1355 1194 1394 severior
1212 1355 1305 1394 fuit.

107 1426 145 1455 16
211 1419 261 1457 D.
301 1417 498 1466 Silenum,
531 1418 664 1457 virum
700 1418 850 1456 fortem
887 1421 1009 1467 atque
1046 1421 1269 1467 strenuum,
1301 1422 1413 1458 certe

160 1482 244 1521 scie
280 1493 385 1531 quae
417 1481 569 1520 dixerit
605 1481 742 1520 studie
773 1487 835 1519 rei
869 1480 1056 1531 publicae
1088 1481 1253 1530 dixisse,
1281 1494 1413 1532 neque

158 1545 278 1583 illum
297 1545 342 1582 in
359 1548 477 1583 tante,
495 1550 538 1583 re
558 1544 731 1594 gretiam
749 1547 821 1582 aut
847 1543 1087 1583 inimicitias
1107 1551 1312 1583 exercere:
1343 1551 1412 1584 ees

106 1617 143 1648 17
160 1615 291 1648 meres
328 1619 498 1658 eamque
529 1607 771 1646 modestiam
797 1606 878 1645 viri
908 1613 1090 1656 cegnevi.
1146 1608 1299 1647 Verum
1327 1620 1414 1647 sen-

158 1672 290 1711 tentia
325 1671 412 1709 eius
449 1670 552 1708 mihi
587 1677 670 1709 nen
705 1669 1061 1720 crudelis—quid
1097 1670 1206 1709 enim
1235 1671 1279 1708 in
1314 1671 1412 1710 telis

157 1734 344 1774 homines
382 1733 545 1772 crudele
574 1733 664 1771 fieri
699 1734 1019 1783 potest?—sed
1051 1733 1185 1772 aliena
1217 1740 1241 1772 e,
1272 1740 1315 1772 re
1343 1740 1413 1784 pu-

107 1806 144 1836 18
159 1798 268 1838 blica
302 1800 443 1836 nostre
479 1796 651 1835 videtur.
707 1796 816 1835 Nam
852 1796 1038 1846 profecte
1074 1800 1144 1835 aut
1175 1800 1309 1835 metus
1340 1800 1412 1835 aut

157 1861 309 1899 iniuria
334 1863 375 1898 te
403 1859 575 1908 subegit,
596 1859 745 1908 Silene,
765 1858 972 1898 censulem
1001 1859 1257 1908 designatum
1285 1871 1411 1908 genus

105 1932 144 1961 19
158 1935 311 1975 poenae
347 1935 494 1961 novom
522 1923 747 1961 decernere.
804 1922 867 1961 De
889 1921 1035 1961 timere
1068 1928 1409 1972 supervacaneum

158 1991 221 2027 est
239 1987 450 2035 disserere,
470 1998 562 2024 cum
587 1984 826 2036 praesertim
847 1979 1065 2034 diligentia
1082 1984 1312 2024 clarissumi
1330 1985 1411 2023 viri

106 2058 145 2087 20
162 2049 341 2089 censulis
360 2053 477 2088 tanta
501 2048 707 2100 praesidia
725 2048 809 2088 sint
837 2047 882 2086 in
904 2054 1038 2087 armis.
1095 2049 1158 2086 De
1177 2054 1307 2098 poene,
1324 2061 1412 2099 pos-

158 2126 248 2153 sum
267 2113 458 2163 equidem
477 2112 623 2160 dicere,
642 2111 687 2150 id
705 2111 816 2162 quod
839 2117 904 2150 res
928 2110 1064 2160 habet,
1084 2111 1128 2149 in
1152 2111 1269 2150 luctu
1287 2115 1411 2161 atque

158 2176 334 2216 miseriis
361 2179 534 2214 mortem
561 2180 846 2214 aerumnarum
868 2173 1061 2225 requiem,
1080 2180 1161 2213 nen
1186 2174 1410 2213 cruciatum
