1488 2436
498 86 702 118 BELLUM
731 84 1021 118 cAmmAn.
1376 70 1432 115 41

98 199 235 241 cordia
257 204 408 239 vacuos
435 185 526 238 esse
550 197 680 237 decet.
738 197 868 236 Haud
892 196 1019 236 facile
1045 195 1209 236 animus
1231 202 1377 234 verum
1415 205 1434 234 2

98 264 297 317 providet,
328 263 402 302 ubi
434 262 511 302 illa
541 261 738 311 officiunt,
771 274 907 312 neque
940 261 1162 312 quisquam
1193 260 1379 300 omnium

98 328 274 369 lubidini
309 327 433 367 simul
470 330 514 366 et
545 333 642 366 sisui
673 319 825 377 paruit.
883 316 972 366 Ubi
1005 314 1235 364 intenderis
1267 325 1380 375 inge·
1415 334 1435 363 3

99 393 224 442 nium,
243 392 376 447 valet:
408 398 446 431 si
469 391 614 431 lubido
639 391 840 442 possidet,
864 403 913 430 ea
938 390 1188 439 dominatur,
1214 390 1379 429 animus

98 457 205 497 nihil
223 457 346 496 valet.
402 457 558 506 Magna
580 455 687 494 mihi
713 455 832 506 copia
857 459 922 495 est
946 455 1215 503 memorandi,
1238 458 1378 505 patres
1413 465 1434 493 4

98 524 332 572 conscripti,
352 527 426 571 qui
449 527 567 571 reges
594 524 720 571 atque
745 520 894 571 populi
918 518 982 558 ira
1001 523 1074 558 aut
1092 518 1380 558 misericordie.

99 585 268 638 impulsi
294 585 403 625 male
430 584 739 632 censuluerint:
778 585 851 624 sed
879 579 930 623 ea
955 583 1067 639 male
1095 584 1244 632 dicere,
1275 594 1380 634 quae

98 650 272 690 maieres
291 654 425 690 nostri
443 654 588 689 contra
612 649 845 688 lubidinem
870 648 1002 688 animi
1026 643 1093 687 sui
1117 652 1230 687 recte
1254 652 1381 699 atque

99 714 240 756 erdine
258 714 405 754 fecere.
462 714 583 753 Belle
597 713 878 762 Macedonico,
894 713 1007 764 quod
1025 725 1120 752 cum
1139 719 1235 762 rege
1250 713 1378 751 Perse
1414 722 1433 751 5

99 779 316 838 gessimus,
339 778 596 818 Rhodiorum
625 778 776 818 civitas
803 784 956 828 magna
987 781 1122 828 atque*
1145 777 1378 827 magnifica,

100 856 203 894 quae
221 843 366 895 populi
385 844 564 883 Romani
582 843 731 894 opibus
753 846 953 892 creverat,
973 842 1112 881 infida
1136 845 1180 881 et
1205 842 1382 881 advorsa

98 908 216 948 nobis
243 907 351 958 fuit3
385 908 459 948 sed
487 912 720 959 postquam,
750 907 862 947 bello
890 907 1091 956 confecto,
1121 907 1173 946 de
1202 906 1379 945 Rhodiis

99 972 332 1012 consultum
351 976 427 1022 est,
448 972 624 1012 maieres
644 976 789 1021 nostri,
804 978 858 1010 ne
873 972 967 1022 quis
982 971 1225 1010 divitiarum
1247 971 1380 1021 magis

100 1049 222 1088 quam
250 1036 427 1076 injuriae
446 1043 571 1076 causa
595 1036 751 1076 bellum
781 1036 995 1087 inceptum
1016 1036 1182 1082 diceret,
1204 1036 1381 1086 impuni-

98 1103 164 1141 tos
191 1108 260 1142 ees
288 1101 494 1141 dimisere.
552 1101 662 1140 Item
691 1101 814 1140 bellis
842 1101 1016 1140 Punicis
1047 1100 1253 1149 omnibus,
1285 1113 1380 1139 cum
1414 1108 1434 1138 6

100 1177 220 1217 saepe
238 1165 605 1216 Carthaginienses
625 1169 668 1204 et
690 1166 735 1204 in
754 1172 855 1216 pace
874 1169 918 1204 et
942 1177 1016 1216 per
1041 1164 1228 1204 indutias
1246 1164 1382 1204 multa

99 1230 259 1270 nefaria
285 1230 471 1270 facinora
506 1230 717 1280 fecissent,
740 1243 969 1281 numquam
996 1229 1081 1281 ipsi
1103 1241 1180 1280 per
1206 1229 1383 1270 occasio-

99 1306 191 1334 nem
219 1294 324 1334 talia
350 1295 508 1334 fecere:
538 1293 671 1345 mag'is
699 1294 875 1345 quffse
903 1295 1077 1344 dignum
1104 1294 1226 1343 foret,
1255 1307 1381 1345 quam

101 1358 201 1410 quid
218 1359 263 1399 in
274 1347 378 1399 'illes
397 1354 488 1399 iure
507 1357 600 1398 fieri
618 1363 760 1410 posset
779 1359 1044 1410 quaerebant.

151 1424 245 1463 Hoc
271 1423 373 1463 item
401 1424 520 1464 vebis
540 1424 844 1475 providendum
872 1427 949 1472 est,
969 1427 1110 1475 patres
1138 1427 1379 1475 conscripti,
1415 1432 1434 1462 7

99 1494 152 1528 ne
169 1487 264 1540 plns
283 1488 396 1540 apud
414 1495 489 1528 vos
508 1488 648 1528 valeat
666 1489 713 1527 P.
735 1488 907 1528 Lentuli
932 1492 975 1527 et
994 1492 1226 1527 ceterorum
1246 1488 1381 1528 scelus

101 1565 223 1604 quam
254 1557 397 1593 vostra
427 1553 623 1603 dignitas,
652 1566 736 1592 neu
768 1553 901 1603 magis
939 1559 1026 1592 irae
1058 1557 1222 1592 vostrae
1255 1565 1381 1604 quam

100 1617 236 1657 famae
271 1617 510 1663 consulatis.
566 1618 678 1657 Nam
719 1624 757 1657 si
797 1618 925 1668 digna
963 1630 1098 1668 poena
1136 1624 1212 1668 pro
1251 1618 1378 1657 factis
1414 1626 1433 1655 8

101 1688 240 1722 eorum
258 1686 476 1733 reperitur,
495 1695 646 1722 novom
665 1682 886 1722 censilium
905 1682 1111 1733 approbo:
1138 1688 1205 1721 sin
1224 1683 1381 1732 magni-

101 1747 202 1786 tudo
226 1747 392 1787 sceleris
420 1747 605 1786 omnium
632 1747 801 1797 ingenia
825 1750 1060 1798 exsuperat,
1090 1753 1151 1786 eis
1178 1747 1380 1786 utendum

101 1817 258 1861 censes),
277 1823 384 1863 quae
401 1811 563 1863 legibus
582 1816 821 1863 comparata
840 1815 949 1851 sunt.
1008 1811 1204 1862 Plerique
1223 1818 1378 1860 eorum,
1416 1820 1436 1848 9

102 1881 174 1926 qui
192 1880 289 1915 ante
306 1883 374 1915 me
395 1876 626 1916 sententias
646 1877 855 1926 dixerunt,
875 1875 1104 1927 composite
1123 1879 1250 1926 atque
1270 1882 1380 1926 mag-

102 1938 223 1979 nifice
257 1946 399 1980 casum
435 1947 498 1979 rei
533 1941 724 1992 publicae
762 1941 950 1980 miserati
983 1945 1101 1980 sunt:
1140 1953 1247 1991 quae
1279 1940 1382 1979 belli

103 2004 277 2044 saevitia
312 2009 433 2055 esset,
471 2017 576 2056 quae
613 2005 739 2045 victis
776 2005 1022 2054 acciderent,
1061 2011 1377 2044 enumeravere:

102 2074 194 2119 rapi
222 2069 404 2118 virgines
426 2076 589 2120 pueres,
617 2070 764 2109 divelli
793 2070 946 2109 liberes
976 2076 1002 2109 a
1028 2073 1250 2121 parentum
1278 2082 1382 2108 com-

102 2131 240 2184 plexu,
255 2138 409 2173 matres
426 2134 684 2174 familiarum
703 2138 793 2185 pati
812 2146 919 2185 quae
937 2134 1168 2174 victoribus
1188 2134 1382 2173 conlubu-

102 2195 245 2247 issent,
275 2197 377 2238 fana
407 2203 533 2251 atque
570 2199 714 2238 domes
753 2198 936 2251 spoliari,
970 2199 1151 2248 caedem,
1186 2198 1383 2240 incendia
