1488 2436
149 126 203 167 34
534 135 623 167 GAI
654 137 885 168 SALLUSTI
915 137 1073 167 omem

200 249 282 283 ret:
313 252 360 284 ee
380 252 496 295 signe
515 253 714 296 proxuma
739 250 855 284 nocte
875 250 1013 284 cetera
1034 245 1256 284 multitude
1275 246 1456 283 coniura-

146 316 165 344 2
201 309 326 347 tienis
364 322 481 348 suum
510 309 682 359 quisque
702 310 910 359 negetium
937 312 1236 358 exsequeretur.
1293 308 1373 346 Sed
1409 319 1457 346 ea

200 373 333 410 divisa
360 372 436 411 hec
461 373 581 410 mode
601 373 858 410 dicebantur:
891 372 1080 410 Statilius
1105 375 1146 409 et
1174 371 1374 410 Gabinius
1393 374 1457 408 uti

200 447 288 473 cum
311 441 459 484 magna
486 442 608 474 manu
629 436 840 474 duodecim
862 435 982 473 simul
1011 438 1211 484 oportuna
1237 434 1326 472 loca
1343 433 1456 472 urbis

200 498 474 547 incenderent,
497 505 576 548 que
606 498 787 536 tumultu
815 498 977 536 facilior
1005 498 1142 536 aditus
1170 498 1222 535 ad
1249 497 1456 535 censulem

201 565 434 611 ceteresque
456 562 604 612 quibus
625 562 800 600 insidiae
821 562 1067 611 parabantur
1086 561 1223 609 fieret3
1254 560 1457 608 Cethegus

201 625 406 664 Cicerenis
439 625 602 663 ianuam
635 625 841 663 obsideret
873 636 1045 673 eumque
1077 630 1120 661 vi
1153 623 1455 672 adgrederetur,

200 688 305 726 alius
337 691 473 726 autem
508 688 646 736 alium,
680 688 752 727 sed
784 687 868 725 filii
899 687 1164 735 familiarum,
1198 692 1368 735 querum
1406 697 1457 723 ex

200 751 415 790 nebilitate
449 757 640 790 maxuma
675 763 769 801 pars
803 754 900 798 erat,
936 754 1118 800 parentis
1155 749 1454 798 interficerent;

201 814 322 852 simul
342 815 462 853 caede
483 818 524 853 et
543 814 730 852 incendie
745 814 942 864 perculsis
963 813 1150 852 omnibus
1165 813 1218 851 ad
1236 811 1457 851 Catilinam

149 884 167 912 3
202 882 472 928 erumperent.
528 878 643 916 Inter
671 878 772 916 haec
802 881 946 927 parata
972 880 1095 926 atque
1127 876 1289 914 decreta
1316 874 1459 914 Cethe-

201 953 275 988 gus
295 953 453 991 semper
473 941 716 991 querebatur
736 941 785 978 de
805 940 971 989 ignavia
986 940 1206 978 socierum:
1237 938 1331 977 illes
1347 937 1459 976 dubi-

200 1004 325 1042 tande
345 1008 386 1042 et
405 1004 491 1042 dies
511 1004 754 1054 prelatande
777 1009 944 1052 magnas
963 1002 1261 1053 oportunitates
1286 1013 1458 1039 corrum-

201 1079 316 1116 pere:
351 1067 474 1115 faete‚
505 1073 588 1105 nen
619 1067 806 1105 consulte
838 1067 882 1104 in
914 1066 991 1104 tali
1022 1065 1203 1116 pericule
1235 1077 1336 1114 opus
1369 1076 1457 1102 esse

202 1136 337 1180 seque,
358 1136 394 1169 si
413 1136 532 1180 pauci
551 1130 804 1178 adiuvarent,
825 1129 1114 1178 languentibus
1134 1128 1238 1176 aliis,
1258 1127 1458 1177 impetum

147 1201 166 1229 4
200 1193 244 1230 in
271 1193 425 1231 curiam
453 1193 670 1231 facturum.
724 1193 887 1231 Natura
918 1192 1048 1240 ferex,
1077 1191 1309 1239 vehemens,
1334 1196 1458 1228 manu

201 1259 413 1306 premptus
433 1259 542 1305 erat3
571 1262 806 1295 maxumum
822 1255 973 1294 bonum
992 1254 1036 1292 in
1051 1254 1259 1293 celeritate
1275 1253 1455 1303 putabat.

150 1381 390 1426 Neyotialions
417 1381 560 1415 between
594 1381 646 1414 the
674 1380 904 1424 conspirator-⁴3
935 1379 1006 1413 and
1038 1379 1091 1413 the
1123 1378 1245 1412 Gauls.
1293 1377 1459 1411 Lentulus

195 1439 296 1472 sends
328 1438 523 1472 Volturcius
549 1444 580 1472 to
605 1443 712 1472 escort
736 1438 788 1471 the
809 1437 1011 1482 Allobroyes
1034 1442 1065 1470 to
1093 1435 1253 1477 Catiline,
1272 1435 1343 1468 and
1365 1434 1460 1479 yives

196 1495 265 1529 him
289 1507 310 1529 α
335 1496 439 1529 letter.

253 1574 406 1613 XLIV.
445 1573 525 1612 Sed
550 1573 792 1622 Allobroges
822 1584 873 1610 ex
897 1574 1114 1622 praecepte
1150 1568 1357 1610 Cicerenis
1387 1580 1459 1618 per

204 1636 426 1676 Gabinium
462 1640 616 1675 ceteres
653 1635 923 1682 conveniunt3
964 1634 1014 1672 ab
1050 1633 1238 1679 Lentule,
1268 1631 1459 1680 Cethege,

206 1700 383 1752 Statilie‚
403 1700 503 1738 item
523 1699 664 1738 Cassie
692 1698 904 1748 pestulant
932 1697 996 1735 ius
1024 1696 1253 1743 iurandum,
1274 1695 1383 1744 quod
1412 1700 1461 1732 si-

205 1767 372 1812 gnatum
403 1763 455 1801 ad
481 1769 583 1800 civis
613 1762 843 1812 perferant:
874 1760 993 1798 aliter
1020 1759 1131 1797 haud
1160 1758 1282 1796 facile
1310 1764 1378 1796 ees
1408 1757 1459 1795 ad

153 1833 172 1862 2
205 1829 366 1864 tantum
395 1825 604 1874 negotium
637 1823 797 1874 impelli
828 1835 958 1873 posse.
1031 1822 1168 1861 Ceteri
1196 1820 1301 1858 nihil
1335 1819 1462 1870 suspi-

204 1892 344 1927 cantes
373 1889 484 1937 dant,
506 1888 670 1927 Cassius
691 1890 819 1925 semet
846 1892 893 1924 ee
912 1886 1026 1924 brevi
1053 1888 1271 1922 venturum
1294 1883 1460 1933 pollice-

157 1959 177 1988 3
206 1955 274 1990 tur
286 1964 332 1990 ac
343 1952 466 2002 paule
481 1955 576 1990 ante
589 1951 744 1999 legates
760 1962 809 1987 ex
822 1949 919 1987 urbe
931 1947 1213 1999 proficiscitur.
1259 1946 1460 1984 Lentulus

205 2027 294 2054 cum
323 2021 381 2053 eis
410 2016 455 2053 Τ.
475 2014 729 2054 Volturcium
758 2012 959 2062 quendam
986 2010 1292 2050 Croteniensem
1317 2009 1460 2057 mittit,

207 2082 254 2116 ut
271 2078 525 2127 Allobroges,
545 2077 659 2128 prius
679 2088 801 2126 quam
821 2076 984 2113 domum
1003 2076 1229 2124 pergerent,
1245 2084 1335 2111 cum
1356 2071 1462 2110 Cati·

207 2142 294 2180 lina
315 2142 414 2181 data
439 2145 563 2191 atque
590 2143 757 2190 accepta
783 2139 864 2177 fide
892 2138 1126 2177 societatem
1155 2136 1459 2174 cenfirmarent.

155 2212 176 2243 4
209 2204 307 2256 Ipse
325 2202 536 2245 Volturcie
554 2201 713 2242 litteras
733 2201 785 2241 ad
803 2200 1024 2241 Catilinam
1043 2199 1125 2248 dat,
1142 2203 1314 2249 quarum
1333 2208 1463 2236 exem—
