1488 2436
462 118 666 165 BELLUM
697 129 984 163 cA'rrnmAn.
1371 115 1399 160 5

61 248 131 289 dja
147 246 284 287 civilis
316 249 436 297 grata
462 245 592 294 fuere,
624 243 765 294 ibique
795 242 1057 282 iuventutem
1091 253 1210 281 suam
1234 253 1346 280 exer-

61 312 156 354 cuit.
213 312 371 363 Corpus
410 310 574 362 patians
610 308 786 358 inediae,
817 307 983 357 algoris,
1017 306 1188 357 vigiliae
1221 312 1348 358 supra
1380 315 1400 344 3

62 390 185 430 quam
204 383 395 428 cuiquam
411 373 611 414 credibile
631 377 705 414 est.
763 371 944 411 Animus
965 371 1115 421 audax,
1133 370 1344 421 subdolus,
1380 379 1400 408 4

61 442 212 492 varius,
233 442 350 481 cuius
370 446 431 479 rei
455 439 572 479 lubet
593 437 811 479 simulator
830 450 877 477 ac
897 436 1196 486 dissimulator,
1217 435 1346 476 alieni

62 511 273 560 appetens,
297 512 362 546 sui
391 504 600 556 profusus,
626 503 776 542 ardens
807 502 852 541 in
880 501 1207 553 cupiditatibus3
1239 501 1344 541 satis
1380 509 1400 539 5
1441 537 1448 546 ,

64 571 333 624 eloquentiae,
365 569 593 622 sapientiae
622 580 791 620 parum:
835 570 982 621 vas—tus
1012 566 1176 606 animus
1203 566 1346 606 immo-
1379 554 1488 604 6⁴⁰¹

0 629 1 633 ¹
24 656 27 658 -
63 637 218 685 derata,
238 634 509 683 incredibilia,
526 633 651 673 nimis
671 632 759 672 alta
779 644 942 684 semper
957 623 1160 683 cupiebat.
1218 631 1346 671 Hunc

63 705 158 753 post
177 700 501 740 dominationem
522 699 567 738 L.
591 698 731 738 Sullae
752 697 895 737 lubido
915 703 1111 736 maxuma
1135 696 1346 736 invaserat

63 772 123 805 rei
142 765 332 816 publicae
352 763 593 815 capiundae,
606 775 741 814 neque
762 762 806 801 id
827 761 978 813 quibus
994 761 1128 801 modis
1149 761 1346 812 adseque-

65 834 189 879 retur,
210 830 309 868 dum
334 828 413 868 sibi
442 835 614 878 regnum
633 830 811 879 pararet,
834 826 1056 878 quicquam
1077 831 1199 877 pensi
1226 825 1347 865 habe-

65 894 147 934 bat.
204 893 455 943 Agitabatur
474 891 607 942 magis
631 892 847 943 magisque
870 891 916 929 in
935 890 1024 930 dies
1045 890 1208 930 animus
1227 890 1347 930 ferox
1381 897 1400 927 7

66 958 207 1010 inopia
226 964 286 997 rei
304 957 526 996 familiaris
548 960 590 996 et
609 956 864 996 conscientia
885 954 1099 1005 scelerum,
1113 967 1219 1006 quae
1237 959 1348 994 utra-

66 1035 146 1074 que
162 1029 221 1062 eis
241 1023 398 1061 artibus
425 1025 609 1070 auxerat,
630 1027 732 1072 quas
754 1026 880 1072 supra
900 1026 1136 1059 memoravi.
1194 1019 1348 1059 Incitae
1381 1027 1401 1057 8

65 1088 165 1127 bant
189 1090 403 1138 praeterea
430 1090 614 1137 corrupti
634 1085 820 1124 civitatis
848 1090 996 1134 moras,
1018 1090 1123 1136 quos
1152 1097 1349 1136 pessuma

64 1163 111 1191 ac
130 1151 296 1191 divorsa
322 1150 432 1190 inter
460 1156 504 1189 se
522 1149 644 1200 mala,
664 1149 833 1189 luxuria
858 1153 984 1201 atque
1013 1148 1206 1199 avaritia,
1226 1155 1349 1189 vexa-

63 1216 174 1256 bant.

115 1281 200 1320 Res
219 1279 312 1332 ipsa
330 1280 490 1319 hortari
511 1278 690 1330 vidatur,
712 1278 910 1331 quoniam
930 1278 982 1318 de
1001 1279 1187 1319 moribus
1206 1278 1350 1319 civita-
1381 1286 1402 1317 9

63 1342 119 1383 tis
150 1346 316 1394 tempus
346 1342 574 1392 admonuit,
608 1347 734 1393 supra
765 1344 953 1393 repetere
982 1353 1030 1381 ac
1056 1346 1200 1392 paucis
1232 1340 1350 1381 insti-

64 1410 156 1447 tuta
181 1406 385 1446 maiorum
413 1407 526 1446 domi
552 1405 823 1457 militiaeque,
846 1411 929 1457 quo
957 1405 1081 1445 modo
1100 1418 1187 1445 rem
1216 1405 1350 1457 publi-

64 1483 154 1511 cam
189 1470 411 1511 habuerint
448 1475 729 1522 quantamque
766 1469 1026 1522 reliquerint,
1057 1473 1106 1509 ut
1142 1469 1349 1522 paulatim

62 1535 284 1575 immutata
310 1548 363 1575 ex
389 1534 684 1587 pulcherruma
711 1539 838 1587 atque
867 1538 1040 1587 optuma
1067 1547 1264 1587 pessuma
1299 1546 1348 1576 ae

63 1599 405 1650 flagitiosissuma
421 1599 536 1640 facta
558 1599 627 1651 sit,
649 1599 864 1640 disserere.

63 1754 240 1787 VI-xm.
281 1753 364 1787 Tmr
385 1754 507 1788 Sronr
523 1764 570 1788 or·
586 1755 732 1788 Romz's
747 1755 883 1788 EARLY
898 1755 1048 1788 Vim-tm
1064 1764 1143 1789 um
1158 1754 1402 1795 Sunsnmmm·

587 1810 862 1844 DEGENERMJY.

68 1908 141 1945 The
161 1909 382 1956 foundation
410 1909 458 1956 of
480 1909 602 1945 Rome.
651 1909 704 1945 Its
736 1911 971 1957 development
1003 1910 1057 1946 till
1087 1911 1143 1946 the
1174 1911 1245 1947 rise
1275 1912 1324 1958 of
1349 1913 1401 1948 the

645 1969 811 2014 republic.

22 2106 26 2109 ¹
115 2059 190 2099 VI.
228 2059 386 2100 Urbem
430 2059 620 2110 Romam,
655 2064 780 2099 sicuti
821 2072 897 2111 ego
933 2067 1086 2113 accepi,
1125 2060 1349 2101 condidere

0 2118 53 2165 ³302&
63 2125 187 2176 atque
205 2123 387 2164 habuere
415 2123 538 2164 initio
557 2124 740 2175 Troiani,
761 2131 836 2177 qui
862 2125 1008 2165 Aenea
1033 2125 1136 2165 duce
1165 2126 1346 2178 profugi,

0 2198 11 2239 ,ἱ
64 2187 231 2228 sedibus
264 2188 447 2239 incertis,
479 2189 750 2239 vagabantur,
782 2202 959 2241 cumque
989 2195 1050 2230 eis
1083 2190 1347 2242 Aborigines,

0 2245 3 2256 ²
65 2264 192 2303 genus
227 2252 445 2293 hominum
483 2257 656 2305 agreste,
696 2253 785 2294 sine
822 2253 997 2307 legibus,
1031 2254 1122 2295 sine
1158 2254 1348 2310 imperio,
