1488 2436
133 102 188 143 12
519 112 609 145 GAI
638 113 870 145 SALLus'rI
899 114 1057 146 omsm

182 227 311 262 treme
338 229 478 261 omnes
505 228 605 273 ques
631 222 844 272 flagitium,
870 227 1040 272 egestas,
1067 224 1251 263 censcius
1276 224 1437 264 animus

184 286 429 335 exagitabat,
459 292 497 323 ei
525 285 724 325 Catilinae
754 293 943 335 proxumi
969 286 1276 336 familiaresque
1309 291 1435 326 erant.

131 358 149 386 4
184 350 300 395 Quod
330 356 364 387 si
392 349 484 399 quis
512 350 636 387 etiam
662 355 686 387 a
713 349 833 399 culpa
858 361 1008 387 vacuus
1033 349 1077 386 in
1103 350 1323 394 amicitiam
1350 350 1437 390 eius

184 412 395 460 inciderat,
434 412 639 450 cotidian6
679 418 755 450 usu
793 415 915 461 atque
954 398 1169 451 inlecebris
1205 412 1328 451 facile
1363 419 1438 463 par

130 484 148 512 5
184 476 413 525 similisque
451 478 597 513 ceteris
635 474 892 513 efficiebatur.
964 475 1044 513 Sed
1079 481 1267 514 maxume
1304 475 1438 514 adule-

183 539 382 578 scentium
401 537 704 576 familiaritates
724 538 961 587 appetebat:
992 543 1129 576 cerum
1148 538 1275 576 animi
1294 538 1436 578 molles

129 609 148 638 6
182 602 305 640 etiam
325 605 365 639 et
384 601 485 638 fluxi
505 600 610 638 dolis
633 600 743 638 haud
766 599 982 638 difficulter
1000 600 1272 650 capiebantur.
1327 601 1436 639 Nam

181 668 228 704 ut
254 665 449 713 cuiusque
482 664 663 702 studium
694 675 744 701 ex
776 667 908 701 aetate
940 662 1150 712 flagrabat,
1179 663 1271 702 aliis
1305 667 1437 702 scorta

181 728 385 778 praebere,
419 727 512 765 aliis
549 732 669 765 canes
706 730 829 776 atque
861 732 986 776 eques
1016 732 1197 774 mercari,
1231 730 1435 782 postreme

180 803 311 840 neque
349 793 531 840 ssimptui
566 801 697 839 neque
733 789 955 828 modestiae
992 801 1088 828 suae
1123 801 1299 839 parcere,
1337 790 1435 828 dum

128 863 146 892 7
181 854 275 893 illes
304 853 499 908 obn-oggies
528 853 718 902 fidesque
746 851 825 891 sibi
852 852 1015 890 faceret.
1073 852 1164 890 Scie
1187 852 1315 891 fuisse
1340 859 1436 891 nen-

180 917 316 962 nullos
345 922 416 966 qui
440 916 499 954 ita
519 919 825 964 existumarent,
850 915 1116 964 iuventutem,
1140 927 1242 965 quae
1270 915 1434 953 domum

181 980 383 1020 Catilinae
410 979 708 1029 frequentabat,
735 991 877 1028 parum
906 978 1075 1017 honeste
1103 978 1342 1028 pudicitiam
1368 978 1435 1017 ha-

179 1043 336 1091 buisse3
367 1042 438 1080 sed
462 1054 510 1080 ex
539 1041 631 1080 aliis
657 1042 776 1080 rebus
801 1041 943 1091 magis,
968 1054 1088 1091 quam
1112 1041 1222 1091 quod
1245 1047 1434 1092 cuiquam

179 1106 223 1145 id
242 1109 492 1156 compertum
511 1105 630 1182 {gae-t,
649 1104 748 1143 haec
767 1104 879 1143 fama
897 1104 1069 1143 valebat.
1287 1111 1488 1193 Ψ

494 1263 675 1298 Οαίίἰίηε’3
699 1274 820 1297 career
841 1274 880 1297 as
903 1274 926 1297 a
950 1262 1116 1297 libertine.

230 1361 319 1399 XV.
359 1360 448 1398 Iam
467 1366 643 1409 primum
659 1359 897 1398 adulescens
913 1359 1096 1398 Catilina
1111 1357 1241 1398 multa
1256 1353 1435 1398 nefanda

180 1427 322 1473 stupra
335 1423 499 1462 fecerat
513 1435 601 1460 cum
618 1422 774 1471 virgine
789 1422 929 1470 nebili,
943 1435 1034 1461 cum
1051 1423 1257 1461 saceidete
1268 1423 1432 1471 Vestae,

126 1495 145 1522 2
178 1487 260 1525 alia
279 1486 447 1524 huiusce
466 1486 577 1524 modi
595 1489 736 1523 contra
758 1485 822 1524 ius
845 1486 1002 1542 fasque.
1057 1486 1270 1537 Postreme
1290 1489 1432 1535 captus

179 1555 313 1587 am6re
342 1548 533 1586 Aureliae
556 1548 789 1596 Orestillae,
805 1548 920 1587 eslius
940 1546 1102 1599 praeter
1126 1549 1300 1587 fermam
1326 1548 1432 1586 nihil

178 1624 372 1661 umquam
391 1611 521 1650 bonus
541 1611 737 1659 laudavit,
758 1612 867 1661 quod
892 1624 940 1650 ea
957 1611 1110 1650 nubere
1134 1611 1200 1649 illi
1218 1611 1433 1650 dubitabat

178 1675 327 1714 timens
358 1680 591 1724 privignum
621 1674 807 1712 adultum
837 1677 982 1723 aetate,
1012 1680 1086 1724 pr6
1113 1677 1224 1712 certe
1255 1673 1433 1728 creditur

178 1741 321 1776 necat6
348 1727 454 1775 filio*
469 1749 636 1775 vacuam
669 1737 832 1775 domum
866 1737 1050 1776 scelestis
1082 1737 1238 1787 nuptiis
1270 1736 1430 1775 fecisse.

126 1809 144 1837 3
177 1802 288 1846 Quae
316 1801 481 1850 quidem
509 1807 572 1838 res
591 1800 694 1837 mihi
721 1800 765 1838 in
792 1806 934 1850 primis
962 1800 1125 1837 videtur
1152 1811 1275 1837 causa
1301 1799 1431 1838 fuisse

125 1873 144 1901 4
177 1864 338 1902 facinus
383 1864 627 1902 maturandi
700 1863 888 1912 Namque
928 1863 1087 1901 animus
1130 1862 1326 1912 impurus,
1367 1862 1432 1900 dis

177 1926 493 1976 hominibusque
518 1927 708 1974 infestus,
734 1937 865 1975 neque
891 1925 1044 1974 vigiliis
1069 1936 1201 1974 neque-
1226 1924 1432 1974 quietibus
1455 1937 1488 1992 spi

179 1990 313 2029 sedari
336 1993 516 2039 poterat:
546 1989 607 2027 ita
628 1988 877 2027 c6nscientia
900 2001 940 2025 m
965 1991 1075 2026 ntem
1102 1999 1174 2026 exc
1211 2000 1276 2026 am
1301 1990 1432 2037 'vg-stae
1465 2013 1488 2039 ζ

127 2061 146 2089 5
177 2054 257 2092 bat.
313 2053 446 2102 Igitur
466 2052 574 2091 coles
597 2058 635 2090 ei
655 2051 883 2100 exsanguis,
907 2051 1019 2090 foedi
1042 2050 1161 2099 oculi,
1185 2051 1290 2088 citus
1312 2050 1432 2088 modo
1474 2050 1488 2059 “

179 2117 297 2155 modo
314 2112 456 2155 tardus
475 2115 679 2154 incessus:
708 2121 873 2165 prersus
891 2114 935 2152 in
955 2113 1062 2154 facie
1080 2113 1276 2165 voltuque
1299 2119 1434 2152 vecor-

181 2180 250 2221 dia
266 2180 411 2221 inerat.
