1488 2436
130 109 188 152 44
517 121 607 153 GAI
636 121 868 155 sALLus'rI
897 124 1054 156 cmsm

184 230 348 268 domum
374 234 446 268 aut
472 230 625 279 villam,
646 234 851 281 postremo
870 239 942 271 vas
968 237 1040 272 aut
1065 238 1352 274 vestimentum
1372 240 1440 274 ali-

182 293 298 331 cuius
326 298 624 343 concupiverat,
645 295 770 332 dabat
797 307 972 345 operam,
992 301 1040 335 ut
1066 297 1101 336 is
1129 298 1173 335 in
1202 303 1443 349 proscripto-

130 362 167 391 34
186 369 276 393 rum
303 363 472 395 numero
499 361 616 396 esset.
673 358 741 395 Ita
771 358 847 407 illi,
877 359 1025 409 quibus
1059 361 1302 411 Damasippi
1334 375 1441 401 mors

182 418 364 458 laetitiae
385 420 532 468 fuerat,
546 420 668 470 paulo
680 424 774 471 post
789 421 872 471 ipsi
886 422 1166 472 trahebantur,
1180 436 1312 474 neque
1327 425 1441 474 prius

183 481 283 520 finis
315 482 530 531 iugulandi
560 483 653 532 fuit,
687 496 809 533 quam
844 484 961 523 Sulla
991 493 1123 525 omnis
1156 493 1250 526 suos
1283 488 1441 528 divitiis

130 552 168 581 35
186 545 378 595 explevit.
436 546 573 596 Atque
598 559 672 596 ego
697 547 796 586 haec
821 554 903 586 non
928 548 973 586 in
991 549 1047 587 M.
1069 549 1207 588 Tullio
1227 562 1357 600 neque
1376 551 1441 590 his

182 609 433 658 temporibus
469 621 631 647 vereor:
672 610 741 648 sed
775 610 819 648 in
850 616 999 660 magna
1029 612 1198 651 civitate
1233 613 1364 651 multa
1401 617 1443 652 et

129 677 167 707 36
183 671 298 709 varia
315 671 482 720 ingenia
500 676 606 710 sunt.
662 673 807 712 Potest
831 673 915 712 alic
939 678 1134 725 tempore,
1155 675 1236 714 alio
1262 677 1441 725 consule,

181 740 249 772 cui
267 734 365 772 item
385 735 586 774 exercitus
605 735 649 773 in
667 742 792 774 mansi
812 736 877 785 sit,
898 737 1051 776 falsum
1070 738 1229 787 aliquid
1253 745 1327 789 prs)
1346 746 1442 778 vei-6

183 797 315 835 credi:
354 798 424 836 ubi
452 798 528 836 hoc
555 799 743 848 exemplo
770 811 842 849 per
871 804 1036 839 senatus
1064 801 1272 839 decretum
1300 802 1441 841 consul

183 860 365 908 gladium
381 860 580 910 eduxerit,
597 861 688 911 quis
704 862 770 899 illi
783 862 914 900 finem
934 866 1089 902 statuet
1108 867 1180 902 aut
1198 864 1291 914 quis
1310 865 1443 903 mode-

182 923 340 961 rabitur
353 924 374 962 ⁸?

128 993 165 1024 37
237 986 416 1025 Maiores
435 990 577 1035 nostri,
594 990 731 1038 patras
750 992 983 1039 conscripti,
996 1001 1128 1039 neque
1147 990 1292 1029 consili
1310 1002 1442 1041 neque

180 1049 374 1088 audaciae
392 1062 585 1099 umquam
600 1057 757 1100 eguere,
773 1063 905 1101 neque
923 1051 1010 1090 illis
1025 1052 1216 1102 superbia
1234 1053 1432 1102 obstabat,

182 1118 262 1161 quo
282 1112 417 1151 minus
437 1112 571 1151 aliena
590 1113 795 1163 instituta,
816 1120 853 1153 si
871 1115 992 1153 modo
1013 1116 1140 1165 proba
1162 1119 1290 1164 erant,
1311 1116 1443 1156 imita-

127 1180 166 1210 38
183 1179 334 1214 rentur.
391 1175 519 1214 Arma
543 1179 666 1226 atque
689 1177 773 1216 tela
797 1177 996 1216 militaria
1017 1178 1069 1216 ab
1096 1178 1358 1228 Samnitibus,
1385 1186 1442 1217 in-

182 1238 315 1287 signia
339 1238 652 1287 magistratuum
681 1240 732 1278 ab
758 1241 904 1279 Tuscis
934 1241 1127 1291 plaraque
1155 1246 1439 1292 sumpserunt3

180 1304 387 1350 postremo
409 1302 518 1351 quod
539 1302 692 1352 ubique
715 1304 825 1353 apud
849 1303 977 1343 socios
1001 1307 1072 1343 aut
1094 1304 1225 1343 hostis
1248 1305 1440 1343 idoneum

181 1364 409 1413 videbatur,
442 1377 535 1404 cum
572 1373 731 1405 summo
768 1367 904 1406 studio
940 1367 1052 1405 domi
1087 1368 1438 1418 exsequebantur:

127 1434 165 1463 39
182 1426 339 1465 imitari
353 1440 475 1477 quam
494 1428 678 1467 invidere
697 1429 814 1469 bonis
834 1429 1052 1469 malebant.
1110 1430 1190 1469 Sed
1209 1431 1350 1469 eodem
1367 1431 1440 1469 illo

179 1493 362 1540 tempore
395 1491 588 1530 Graeciae
621 1498 774 1531 morem
803 1493 959 1531 imitati
989 1493 1227 1532 verberibus
1260 1494 1441 1532 animad-

180 1554 396 1592 vortabant
414 1554 458 1591 in
477 1560 591 1603 civis,
608 1555 657 1593 de
675 1556 957 1595 condemnatis
973 1569 1177 1595 summum
1192 1556 1438 1607 supplicium

126 1623 165 1652 40
183 1617 408 1655 sumebant.
464 1618 689 1667 Postquam
714 1625 779 1658 res
802 1619 968 1669 publica
990 1619 1172 1658 adolevit
1194 1623 1235 1658 et
1257 1619 1439 1658 multitu-

180 1679 275 1718 dine
298 1680 450 1718 civium
473 1680 673 1720 factionas
696 1682 873 1731 valuere,
893 1683 1180 1721 circumveniri
1201 1683 1447 1732 innocentes,

180 1742 263 1781 alia
279 1743 449 1781 huiusce
467 1744 579 1782 modi
597 1743 687 1782 fieri
705 1751 884 1795 coeptare,
900 1749 989 1784 tum
1008 1746 1076 1784 lex
1090 1745 1236 1784 Porcia
1253 1745 1437 1795 aliaeque

179 1806 290 1854 legas
318 1810 485 1856 paratae
514 1811 621 1855 sunt,
648 1808 796 1858 quibus
824 1808 982 1857 legibus
1011 1808 1202 1847 exsilium
1231 1809 1437 1848 damnatis

126 1878 163 1907 41
181 1869 427 1919 permissum
454 1873 527 1908 est.
584 1871 704 1909 Hanc
731 1883 805 1920 ego
832 1883 1006 1920 causam,
1036 1875 1173 1922 patres
1205 1875 1436 1922 conscripti,

180 1938 260 1982 quo
285 1932 420 1971 minus
447 1945 594 1971 novom
622 1933 841 1972 consilium
868 1935 1087 1984 capiamus,
1114 1935 1159 1972 in
1185 1941 1330 1984 primis
1358 1941 1439 1973 ma

125 2003 164 2032 42
181 2007 301 2044 gnam
320 1999 430 2045 puts).
486 1997 679 2035 Profecto
698 1997 829 2036 virtus
849 2001 971 2048 atque
992 1997 1195 2048 sapientia
1209 1998 1337 2036 maior
1351 1997 1437 2037 illis

179 2058 274 2107 fuit,
305 2065 378 2109 qui
409 2071 460 2098 ex
495 2066 634 2110 parvis
671 2060 816 2110 opibus
847 2063 1010 2099 tantum
1041 2061 1257 2111 imperium
1290 2061 1435 2109 fecere,

179 2134 302 2172 quam
330 2122 375 2160 in
401 2122 531 2171 nobis,
560 2129 633 2172 qui
660 2135 708 2161 ea
733 2123 837 2162 bene
864 2127 984 2174 parta
1009 2123 1081 2162 vix
1107 2124 1342 2163 retinemus.

125 2193 164 2222 43
234 2186 376 2224 Placet
402 2185 530 2234 igitur
555 2192 624 2225 eos
653 2186 811 2225 dimitti
837 2190 880 2226 et
905 2193 1046 2236 augeri
1076 2187 1301 2226 exercitum
1331 2186 1438 2227 Gati-
