1488 2436
452 91 653 122 BELLUM
685 88 971 122 CATILINAE.
1358 76 1386 120 7

43 195 111 249 ὶῐε
136 206 273 246 aliena
296 203 432 244 virtus
457 202 733 242 formidulesa
752 206 826 240 est.
885 201 968 240 Sed
985 200 1138 240 civitas
1158 199 1333 239 incredi-
1369 208 1389 238 3
1422 230 1431 241 .

48 271 132 313 bile
158 263 388 309 memoratu
413 272 477 307 est
503 267 655 318 adepta
674 266 868 305 libertate
894 269 1097 316 quantum
1116 265 1235 304 brevi
1253 271 1335 304 cre·
1410 271 1414 275 ⁴

49 336 178 376 verit:
217 337 336 374 tanta
364 332 513 384 cupide
542 331 697 383 gloriae
730 331 968 370 incesserat.
1025 330 1118 369 Iam
1151 336 1334 381 primum
1369 337 1389 366 4

49 400 255 448 iuventus,
290 397 415 438 simul
448 409 494 436 ac
527 396 629 436 belli
662 396 825 446 patiens
860 398 961 444 erat,
992 394 1037 433 in
1070 398 1220 434 castris
1259 407 1334 446 per

49 464 232 504 laberem
265 469 386 502 fisum
419 461 595 500 militiae
628 460 815 500 discebat
846 460 1062 511 magisque
1095 460 1140 498 in
1173 460 1334 498 deceris

49 535 175 570 armis
205 532 248 567 et
272 526 524 566 militaribus
550 531 669 576 equis
697 538 821 576 quam
847 525 892 564 in
918 528 1066 565 scortis
1093 529 1218 576 atque
1244 537 1336 563 con-

50 593 174 634 viviis
207 591 438 631 lubidinem
474 591 694 630 habebant.
754 590 891 640 Igitur
924 590 1080 630 talibus
1114 590 1217 628 viris
1249 596 1333 628 neu
1369 597 1389 626 5

51 657 167 698 labor
192 656 401 705 insolitus,
421 662 505 695 nen
530 655 645 694 locus
671 655 784 694 ullus
811 667 934 706 asper
959 659 1033 694 aut
1059 654 1212 694 arduus
1233 658 1333 703 erat,

51 729 134 762 nen
153 726 337 761 armatus
355 720 489 760 hostis
514 720 835 759 formidulesus:
866 719 1002 759 virtus
1028 719 1170 758 omnia
1195 720 1336 758 domu-

51 790 151 826 erat.
209 786 291 825 Sed
310 784 465 835 gleriae
485 790 727 824 maxumum
741 788 952 824 certamen
968 784 1078 840 inter
1093 784 1206 835 ipses
1223 788 1332 823 erat:
1371 792 1391 821 6

54 857 98 892 se
116 851 291 902 quisque
314 850 475 889 hostem
502 849 641 899 ferire,
662 855 825 888 murum
853 849 1118 898 adscendere,
1138 848 1335 900 censpici,

54 915 154 955 dum
172 915 257 954 tale
275 914 439 953 facinus
459 914 629 963 faceret,
649 913 918 965 properabat:
949 920 1020 953 eas
1039 913 1226 963 divitias,
1246 925 1338 953 eam

54 980 202 1020 bonam
222 979 378 1018 famam
397 984 673 1029 magnamque
692 978 956 1017 nebilitatem
970 978 1186 1029 putabant.
1235 978 1340 1017 Lau·

54 1044 118 1084 dis
144 1043 269 1093 avidi,
294 1043 492 1094 pecuniae
517 1042 710 1082 liberales
737 1046 877 1093 erant3
909 1042 1083 1092 gleriam
1112 1043 1336 1093 ingentem,

54 1108 225 1148 divitias
249 1108 445 1147 honestas
467 1107 674 1146 volebant.
732 1108 964 1146 Memorare
986 1119 1161 1158 possem,
1183 1107 1335 1158 quibus
1373 1115 1392 1145 7

54 1173 100 1213 in
130 1173 233 1212 locis
265 1178 482 1211 maxumas
514 1171 699 1211 hostium
731 1171 872 1222 cepias
906 1171 1085 1222 populus
1122 1172 1338 1211 Remanus

55 1243 184 1290 parva
209 1242 336 1276 mansi
363 1235 535 1286 fuderit,
565 1242 668 1287 quas
695 1235 812 1275 urbis
840 1239 992 1275 natura
1023 1240 1208 1276 munitas
1241 1243 1340 1287 pug-

55 1302 192 1342 nande
210 1301 379 1353 ceperit,
395 1307 440 1340 ni
459 1313 508 1340 ea
522 1306 588 1340 res
608 1300 772 1351 longius
792 1306 867 1341 nes
887 1300 939 1340 ab
959 1300 1126 1352 incepto
1139 1301 1337 1341 traheret.

54 1456 128 1492 Ruc
150 1456 272 1501 Rome,
297 1455 418 1491 unlike
442 1454 590 1498 Athens,
615 1456 689 1490 had
712 1468 757 1491 no
785 1455 918 1491 writers
946 1461 979 1491 to
1008 1456 1099 1492 extol
1126 1457 1180 1492 the
1208 1457 1317 1492 deeds
1343 1455 1391 1503 qs

567 1514 630 1548 her
651 1520 753 1560 yreat
776 1526 865 1549 men.

107 1622 231 1663 VIII.
272 1622 354 1662 Sed
382 1622 571 1674 profecte
598 1622 770 1662 fortuna
797 1621 843 1661 in
868 1628 983 1662 omni
1007 1629 1052 1662 re
1076 1623 1338 1663 dominatur:

55 1699 104 1727 ea
130 1693 196 1727 res
223 1691 395 1727 cunctas
422 1699 475 1726 ex
501 1686 689 1726 lubidine
718 1686 849 1737 magis
878 1700 1004 1739 quam
1033 1700 1085 1727 ex
1113 1695 1211 1728 vere
1239 1688 1342 1728 cele-

54 1751 148 1791 brat
166 1752 450 1803 obscuratque.
508 1751 832 1791 Atheniensium
853 1758 919 1791 res
940 1756 1093 1803 gestae,
1115 1757 1242 1792 sicuti
1262 1766 1339 1803 ego
1374 1761 1394 1790 2

55 1820 253 1866 aestume,
273 1816 376 1856 satis
402 1816 565 1868 amplae
590 1816 919 1868 magnificaeque
944 1817 1075 1867 fuere,
1096 1824 1242 1856 verum
1268 1818 1340 1857 ali-

55 1884 209 1932 quante
228 1881 406 1920 minores
425 1885 567 1920 tamen
587 1893 711 1932 quam
732 1881 848 1921 fama
866 1882 1070 1921 feruntur.
1131 1882 1214 1922 Sed
1241 1882 1340 1933 quia
1375 1890 1394 1919 3

55 1951 279 1997 prevenere
304 1945 364 1985 ibi
389 1949 639 1997 scriptarum
664 1952 815 1996 magna
840 1946 1021 1996 ingenia,
1042 1959 1115 1998 per
1134 1950 1340 1987 terrarum

0 2037 4 2043 .
55 2009 195 2049 orbem
221 2009 547 2050 Atheniensium
575 2010 691 2050 facta
718 2017 793 2062 pre
826 2017 1034 2051 maxumis
1062 2011 1337 2052 celebrantur.

0 2071 7 2115 ,⁵³
56 2073 125 2114 Ita
155 2080 296 2125 eerum
329 2080 404 2126 qui
434 2074 571 2114 fecere
602 2075 736 2115 virtsis
766 2079 885 2115 tanta
914 2075 1104 2126 habetur,
1135 2081 1336 2128 quantum
1374 2086 1394 2115 4

55 2149 145 2178 eam
179 2138 315 2178 verbis
346 2142 519 2190 potuere
551 2139 752 2179 extollere
790 2140 1004 2191 praeclara
1041 2141 1222 2191 ingenia.
1280 2142 1339 2181 At
1374 2150 1393 2180 5

55 2202 209 2254 popule
233 2203 424 2244 Remane
447 2215 678 2256 numquam
704 2216 754 2244 ea
778 2204 898 2256 cepia
922 2204 1018 2256 fuit,
1039 2205 1140 2258 quia
1164 2206 1340 2258 prudeu-
