1488 2436
661 0 682 103 1

110 113 166 155 48
493 124 583 156 GAI
612 105 844 186 samium
878 126 1034 157 omem

109 241 146 270 21
163 233 280 283 cepia
305 233 424 273 nebis
451 247 573 286 quam
598 221 685 274 luis
707 239 780 273 est.
838 235 917 274 Sed
945 234 1027 273 alia
1043 235 1171 283 fuere,
1190 245 1296 284 quae
1322 234 1417 272 illes

163 303 330 345 magnes
349 297 494 346 fecere,
515 295 618 347 quae
646 298 763 336 nubis
781 297 899 336 nulla
917 301 1032 336 sunt:
1063 298 1174 335 domi
1199 297 1415 345 industria,

162 359 264 398 foris
296 359 450 398 iustum
482 360 712 411 imperium,
742 361 903 399 animus
939 360 983 398 in
1013 360 1268 399 consulunde
1302 359 1416 408 liber,

109 431 147 460 22
163 435 294 473 neque
323 423 473 462 delicte
498 436 630 473 neque
657 423 835 462 lubidini
861 423 1071 462 obnoxius.
1143 424 1225 462 Pre
1251 422 1316 461 his
1344 428 1418 461 nes
1448 427 1450 429 ’
1475 432 1478 471 j

162 487 360 526 habemus
388 486 593 525 luxuriam
612 490 734 536 atque
754 485 981 535 avaritiam,
1001 486 1164 536 publice
1182 489 1417 535 egestatem,
1481 503 1488 556 1

162 549 356 600 privatim
385 549 658 599 opulentiam:
689 549 902 588 laudamus
931 549 1110 598 divitias,
1131 549 1337 598 sequimur
1362 548 1419 586 in·
1437 558 1488 619 Mu

165 613 330 651 ertiam:
360 612 467 651 inter
485 613 611 652 bones
631 616 674 651 et
700 613 829 651 males
849 613 1064 661 discrimen
1092 611 1264 660 nullum,
1283 611 1420 649 omnia
1485 615 1488 626 ³

111 685 149 714 23
166 676 333 714 virtutis
353 675 534 726 praemia
552 676 721 714 ambitio
741 663 969 746 possidetis
987 676 1133 724 Neque
1146 681 1295 713 mirum
1311 689 1318 712 :
1349 674 1419 712 ubi

165 746 236 778 ves
261 738 478 788 separatim
501 738 579 777 sibi
608 738 781 788 quisque
799 738 1015 777 consilium
1035 738 1194 788 capitis,
1214 738 1284 776 ubi
1310 738 1420 775 domi

164 802 458 852 voluptatibus,
478 801 547 839 hic
574 801 770 851 pecuniae
800 805 870 840 aut
899 801 1053 850 gratiae
1082 800 1258 849 servitis,
1283 807 1329 839 ee
1357 800 1418 849 fit,

163 869 211 904 ut
229 865 407 915 impetus
426 864 506 903 fiat
523 864 567 902 in
587 876 756 902 vacuam
775 876 860 902 rem
879 864 1094 914 publicam.

111 936 150 965 24
219 928 300 967 Sed
319 940 393 976 ego
411 927 511 966 haec
530 927 687 966 omitte.
744 927 1016 966 Coniuravere
1034 926 1292 966 nubilissumi
1310 932 1420 965 cives

165 990 341 1042 patriam
373 990 611 1039 incendere;
651 990 863 1029 Gallorum
896 994 1058 1040 gentem
1095 989 1419 1028 infestissumam

165 1054 322 1092 nomini
340 1054 525 1092 Remane
544 1054 597 1092 ad
615 1053 768 1092 bellum
788 1057 1009 1102 arcessunt,
1031 1053 1115 1091 dux
1133 1052 1314 1091 hostium
1328 1064 1417 1090 cum

112 1133 150 1161 25
168 1117 350 1156 exercitu
379 1123 503 1166 supra
524 1120 649 1167 caput
671 1120 754 1155 est:
785 1123 858 1155 vos
885 1116 1135 1154 cunctamini
1159 1115 1284 1154 etiam
1313 1127 1419 1154 nunc

165 1184 207 1219 et
234 1180 447 1228 dubitatis,
482 1180 583 1230 quid
610 1180 720 1219 intra
747 1179 907 1218 moenia
939 1179 1206 1229 deprehensis
1233 1178 1420 1230 hqstibus
1458 1185 1488 1236 ,0-

112 1251 151 1280 26
167 1243 330 1282 faciatis
345 1244 365 1281 ἱ)
425 1242 718 1291 Misereamini,
764 1241 1191 1292 censee-deliquere
1234 1241 1420 1280 homines
1475 1247 1488 1270 ἱ

166 1305 463 1345 adulescentuli
499 1318 570 1355 per
598 1305 1060 1355 ambitionem—atque
1088 1305 1212 1343 etiam
1241 1308 1419 1343 armates

113 1377 150 1406 27
166 1369 399 1408 dimittatis.
454 1369 520 1407 Ne
539 1369 622 1407 ista
639 1369 755 1408 vebis
774 1369 1046 1407 mansuetudo
1065 1371 1106 1406 et
1128 1368 1418 1416 misericordia,

113 1440 151 1469 28
168 1438 204 1471 si
229 1432 295 1470 illi
321 1444 435 1470 arma
461 1432 655 1482 ceperint,
675 1432 720 1470 in
744 1431 947 1471 miseriam
975 1435 1198 1470 convortat.
1256 1431 1420 1470 Scilicet

165 1501 230 1534 res
257 1495 350 1545 ipsa
375 1507 520 1545 aspera
545 1498 620 1543 est,
642 1495 713 1534 sed
741 1501 812 1534 ves
838 1502 921 1534 non
947 1495 1103 1534 timetis
1132 1507 1232 1533 eam.
1289 1489 1421 1533 Tmmo

165 1564 262 1597 vero
280 1564 489 1596 maxume:
512 1558 583 1597 sed
601 1558 752 1596 inertia
771 1562 812 1597 et
829 1558 1007 1597 mollitia
1025 1558 1152 1597 animi
1170 1557 1275 1597 alius
1294 1557 1420 1596 alium

167 1624 450 1671 exspectantes
465 1621 725 1670 cunctamini,
738 1621 931 1660 videlicet
945 1622 1009 1660 dis
1021 1621 1320 1659 immortalibus
1332 1633 1421 1659 con-

166 1685 251 1731 fisi,
268 1690 339 1734 qui
357 1683 462 1722 hanc
480 1696 564 1722 rem
584 1684 789 1734 publicam
808 1697 927 1735 saepe
945 1685 988 1722 in
1007 1691 1209 1723 maxumis
1227 1683 1419 1734 periculis

50 1797 53 1801 ἃ
114 1755 153 1784 29
170 1753 392 1786 servavere.
448 1747 545 1785 Nun
579 1751 688 1786 vetis
728 1759 859 1798 neque
899 1747 1112 1798 suppliciis
1153 1746 1419 1785 muliebribus

61 1802 68 1812 s
134 1810 145 1851 (
168 1810 324 1849 auxilia
341 1810 507 1848 deorum
527 1814 746 1860 parantur:
775 1810 998 1860 vigilande,
1019 1810 1192 1859 agundo,
1211 1810 1313 1848 bene
1332 1815 1421 1848 cen-

169 1873 343 1913 sulunde
361 1879 558 1924 prespera
575 1873 712 1912 omnia
729 1873 901 1912 cedunt:
921 1873 992 1912 ubi
1012 1873 1219 1912 socordiae
1237 1876 1279 1911 te
1297 1876 1421 1922 atque

169 1936 356 1985 ignaviae
390 1935 623 1985 tradideris,
654 1943 901 1986 nequiquam
938 1936 1034 1975 deos
1070 1935 1286 1986 impleres:
1324 1938 1422 1973 irati

117 2006 155 2036 30
171 2000 395 2054 infestique
433 2003 539 2038 sunt.
594 1999 719 2050 Apud
755 1999 927 2038 maiores
963 2003 1124 2038 nostres
1157 1999 1206 2037 A.
1238 1997 1420 2037 Manlius

105 2081 107 2083 >
169 2064 400 2113 Torquatus
427 2062 536 2102 belle
565 2062 725 2102 Gallice
753 2063 891 2100 filium
920 2075 1049 2110 suum,
1076 2062 1184 2112 quod
1214 2061 1250 2101 is
1279 2064 1421 2100 contra

169 2125 386 2176 imperium
418 2125 463 2164 in
489 2125 650 2164 hostem
677 2129 942 2175 pugnaverat,
970 2131 1108 2163 necari
1134 2124 1267 2172 iussit,
1296 2127 1420 2174 atque

169 2189 242 2228 ille
261 2188 446 2239 egregius
465 2188 704 2229 adulescens
718 2188 1008 2228 immoderatae
1021 2187 1281 2230 fortitudinis
1291 2189 1421 2225 morte
