1488 2436
182 146 191 173 Ι,
439 117 638 149 BELLUM
669 115 954 148 CATILINAE.
1311 104 1368 147 19

43 230 115 269 The
146 182 377 284 {onspirators
411 228 494 263 bina}
528 229 723 263 themselves
755 234 788 262 to
823 228 877 262 the
896 227 973 273 plot
1005 227 1048 274 by
1081 227 1252 274 drinking]
1280 227 1369 262 wine

435 287 551 321 mixed
576 287 654 321 with
681 287 810 320 human
835 286 945 321 blood.

91 375 233 414 XXII.
271 374 402 412 Fuere
422 379 471 412 ea
488 376 749 424 tempestate,
771 378 844 423 qui
869 372 1056 410 dicerent
1074 372 1315 421 Catilinam,

39 439 221 480 oratione
240 438 383 477 habita
402 450 495 477 cum
515 438 568 476 ad
596 437 885 476 iusiurandum
914 436 1128 488 popularis
1147 437 1317 476 sceleris

39 509 106 544 sui
131 503 326 554 adigeret,
347 503 520 541 humani
546 502 729 553 corporis
751 502 994 551 sanguinem
1013 508 1113 541 vino
1139 507 1318 554 permix-

38 570 129 608 tum
154 567 198 606 in
220 572 375 618 pateris
405 567 735 606 circumtulisse:
766 567 864 605 inde
892 579 987 606 cum
1013 571 1108 618 post
1133 573 1318 606 exsecra-

38 631 192 672 tionem
239 638 380 671 omnes
417 632 764 682 degustavissent,
803 635 912 671 sicut
958 631 1004 670 in
1046 631 1318 671 sollemnibus

40 702 166 738 sacris
189 696 281 735 fieri
308 697 536 746 consuevit,
557 697 768 748 aperuisse
796 695 1018 736 consilium
1045 709 1166 736 suum
1192 700 1318 747 atque

41 767 89 800 ea
106 761 274 800 dil-itate
294 761 493 810 effecisse,
511 767 592 812 quo
611 761 721 800 inter
740 767 784 801 se
804 761 886 799 fidi
905 760 1036 810 magis
1056 761 1196 800 forent
1211 760 1319 800 alius

40 825 114 866 alii
140 829 250 864 tanti
277 825 474 865 facinoris
503 826 667 865 conscii.
724 825 931 865 Nonnulli
957 825 1057 864 ficta
1079 829 1122 864 et
1149 825 1252 865 haec
1276 829 1320 865 et
1354 834 1375 864 3

41 889 175 929 multa
210 894 424 941 praeterea
456 890 766 930 existumabant
803 890 855 929 ab
887 897 960 940 eis,
994 896 1068 941 qui
1104 890 1320 930 Ciceronis

41 954 254 1003 invidiam,
275 967 380 1005 quae
405 958 549 1005 postea
574 958 665 994 orta
689 958 765 1004 est,
785 954 909 993 leniri
933 954 1158 994 credebant
1176 955 1344 995 atroci--

42 1022 129 1058 tate
161 1018 327 1058 sceleris
359 1024 512 1068 eorum,
546 1025 619 1069 qui
651 1025 806 1070 poenas
838 1019 1048 1059 dederant.
1103 1019 1240 1060 Nobis
1272 1031 1323 1060 ea

42 1089 108 1122 res
126 1089 202 1134 pro
220 1082 507 1132 magnitudine
526 1095 674 1134 parum
692 1087 905 1135 comperta
923 1087 998 1124 est.

1354 574 1373 603 [ὗ

85 1221 390 1254 XXIII-XXVII.
438 1221 520 1254 Tm:
543 1222 643 1254 Pro'r
665 1231 698 1254 rs
721 1231 911 1264 emmam),
938 1232 1011 1256 nur
1034 1233 1105 1256 no'r
1127 1198 1246 1258 lom
1267 1234 1326 1258 ur.

45 1309 176 1345 Curius
207 1310 282 1344 tells
315 1309 444 1344 Fulvia
475 1310 522 1356 of
549 1310 732 1345 Catiline's
758 1311 875 1357 plans.
926 1312 997 1347 She
1024 1313 1102 1348 tells
1126 1314 1249 1349 others.
1302 1313 1375 1349 sse

273 1368 413 1413 nobility
436 1374 580 1414 support
608 1368 734 1404 Cicero
749 1369 818 1415 for
840 1371 894 1404 the
918 1371 1130 1417 consulship.
1361 1387 1370 1392 ’

92 1453 260 1493 XXIII.
301 1454 382 1493 Sed
407 1454 451 1492 in
470 1460 519 1493 ea
537 1454 821 1494 coniuratione
841 1456 926 1495 fuit
945 1456 991 1503 Q.
1014 1457 1176 1507 Curius,
1196 1462 1320 1498 natus

41 1517 153 1558 haud
171 1518 342 1557 obscuro
361 1518 462 1567 loco,
483 1518 657 1570 flagitiis
682 1523 807 1570 atque
831 1520 1087 1562 facinoribus
1113 1526 1319 1574 copertus,

41 1595 162 1634 quem
190 1589 380 1622 censores
410 1587 558 1622 senatu
586 1584 726 1635 probri
754 1585 889 1635 gratia
919 1590 1147 1626 moverant.
1205 1587 1319 1627 Huic
1354 1595 1374 1624 2

39 1646 198 1686 homini
217 1653 299 1686 non
319 1647 453 1686 minor
472 1648 635 1688 vanitas
655 1649 791 1688 inerat
817 1662 941 1700 quam
960 1651 1154 1691 audacia:
1185 1664 1319 1703 neque
1370 1651 1390 1664 ⁸

41 1711 210 1750 reticere
230 1724 335 1762 quae
355 1712 556 1761 audierat,
573 1725 707 1764 neque
723 1718 884 1753 suamet
903 1715 994 1766 ipse
1013 1716 1170 1760 scelera
1189 1717 1320 1756 occul-

39 1778 139 1825 tare,
154 1782 323 1830 prorsus
341 1789 474 1828 neque
494 1777 630 1816 dicere
649 1790 784 1829 neque
803 1779 941 1819 facere
956 1780 1179 1831 quicquam
1199 1788 1320 1833 pensi

40 1839 227 1880 habebat.
283 1841 387 1880 Erat
415 1848 454 1880 ei
486 1854 580 1881 cum
608 1842 771 1892 Fulvia,
801 1843 975 1883 muliere
1008 1845 1151 1894 nobili,
1182 1849 1318 1898 stupri
1354 1854 1373 1884 3

40 1907 159 1944 vetus
186 1906 463 1955 consuetfid63
502 1913 570 1945 cui
597 1919 690 1945 cum
719 1907 857 1947 minus
886 1913 1029 1958 gratus
1063 1914 1184 1959 esset,
1219 1911 1320 1961 quia

40 1967 180 2020 inopia
210 1970 348 2010 minus
381 1970 527 2020 largiri
558 1975 734 2022 poterat,
768 1977 938 2024 repente
972 1973 1155 2023 glorians
1188 1976 1320 2016 maria
1351 2015 1354 2017 Α

38 2037 274 2085 montisque
307 2034 496 2085 polliceri
525 2035 663 2086 coepit
696 2040 738 2075 et
768 2037 922 2076 minari
950 2038 1163 2078 interdum
1192 2040 1317 2091 ferro,

38 2103 84 2135 ni
107 2097 188 2138 sibi
212 2099 391 2138 obnoxia
415 2099 537 2148 foret,
564 2104 774 2150 postremo
799 2101 981 2142 ferocius
1007 2103 1166 2153 agitare
1192 2117 1318 2155 quam

38 2161 187 2202 solitus
206 2167 304 2202 erat.
362 2163 420 2202 At
439 2163 591 2203 Fulvia
609 2165 857 2205 insolentiae
876 2166 976 2206 Curi
1001 2174 1126 2207 causa
1149 2169 1320 2219 cognita
1353 2178 1374 2208 4

0 2277 2 2284 y
37 2223 124 2266 tale
150 2225 380 2278 periculum
405 2232 467 2267 rei
491 2226 683 2279 publicae
705 2227 819 2269 haud
838 2229 1046 2271 occultum
1063 2230 1225 2284 habuit,
1244 2232 1320 2274 sed
