1488 2436
467 102 667 133 BELLUM
698 100 987 133 CATILINAE.
1338 89 1394 132 37

69 215 242 256 Cinnam
261 218 386 266 atque
406 213 565 253 Sullam
584 217 719 262 antea,
740 219 786 252 se
807 212 980 252 tertium
999 225 1101 262 esse,
1122 219 1190 252 eui
1208 213 1344 252 fatum

67 281 175 321 foret
193 279 306 319 urbis
326 282 474 330 potiri;
500 282 715 329 praeterea
734 277 787 317 ab
806 277 976 317 incense
995 277 1204 328 Capitalia
1223 278 1344 317 illum

67 357 155 385 esse
175 350 431 394 vigesumum
451 348 618 395 annum,
639 342 763 393 quein
789 348 912 393 saepe
931 355 983 381 ex
1002 339 1208 393 predigiss
1225 343 1346 381 haru-

68 408 200 460 spices
220 407 530 458 respondissent
553 407 664 446 belle
678 406 801 445 eivili
819 406 1037 446 cruentum
1057 407 1158 445 fore.
1207 407 1344 456 Igitur
1379 415 1398 444 3
1416 431 1418 434 -

67 470 257 522 perlectis
278 469 443 517 litteris,
464 481 557 507 oum
582 468 699 519 prius
725 474 870 508 omnes
895 475 1016 519 signa
1041 481 1116 508 sua
1134 469 1346 518 cognovis-

67 538 169 583 sent,
190 538 358 573 senatus
383 533 579 582 decernit,
600 536 675 581 uti,
697 533 889 572 abdicate
908 533 1170 583 magistratu,
1192 534 1345 572 Lentu-

66 598 131 638 lus
150 599 330 648 itemque
350 601 478 637 ceteri
499 598 547 636 in
570 597 714 637 liberis
733 598 940 638 elistediis
961 598 1204 637 habeantur.
1232 594 1236 598 ’
1263 599 1344 637 Ita-
1378 607 1398 635 4

66 675 144 714 que
179 663 383 702 Lentulus
399 657 466 701 Ῥ.
501 662 682 701 Lentule
716 662 942 714 Spintheri,
973 669 1046 713 qui
1073 667 1161 702 tum
1193 663 1342 702 aedilis
1353 650 1488 713 ›ug-⁶

64 731 164 775 erat,
185 727 390 777 Cethegus
409 727 455 773 Q.
478 726 710 776 Cornificie,
732 727 924 779 SQHES
950 728 995 767 C.
1017 727 1198 776 Caesari,
1219 723 1427 792 GQR
1434 760 1481 776 ..-

63 792 158 831 nius
179 793 234 831 M.
257 792 417 842 Crasse,
439 791 663 842 Caeparius
676 804 833 830 —nam
854 791 890 831 is
910 791 1035 843 paule
1054 795 1151 830 ante
1170 805 1223 830 ex
1241 792 1344 842 fuga
1408 798 1488 818 s

48 859 265 902 *retractus
284 859 438 896 erat—
449 856 522 896 Cn.
544 856 740 896 Terentia
760 859 944 896 senatori
961 857 1196 896 traduntur.

68 990 210 1037 Chanye
235 991 280 1037 of
291 991 429 1037 feeling
453 991 491 1025 in
514 990 636 1026 Rome.
688 991 729 1025 L.
759 991 976 1038 Tarquinius
1001 997 1100 1026 turns
1128 992 1299 1038 informer
1322 993 1396 1027 and

108 1060 249 1084 accuses
273 1049 330 1084 M.
360 1049 524 1083 Crassus.
580 1049 652 1084 ΤΙιε
676 1049 803 1084 Senate
827 1051 947 1084 orders
977 1050 1193 1096 Tarquinius
1217 1057 1250 1085 to
1274 1051 1313 1085 be
1337 1051 1397 1085 im-

102 1107 281 1152 prisoned.
330 1106 528 1142 Autronius
553 1107 628 1142 and
657 1107 782 1143 Cicero
806 1108 960 1154 charqed
988 1108 1066 1143 with
1091 1109 1282 1155 suborninq
1311 1108 1396 1143 Tar-

108 1177 259 1211 quimus.

114 1245 315 1285 XLVIII.
355 1245 524 1285 Interea
541 1245 672 1297 plebs,
688 1246 974 1286 coniuratione
994 1247 1218 1297 patefacta,
1235 1259 1341 1298 quae

62 1315 195 1360 prime
213 1309 365 1360 cupida
383 1316 520 1348 rerum
540 1317 741 1349 novarum
761 1311 887 1350 nimis
914 1311 1024 1350 belle
1050 1312 1232 1361 favebat,
1254 1319 1341 1351 msi-

61 1377 149 1413 tata
174 1377 314 1413 mente
341 1374 548 1414 Catilinae
576 1374 752 1414 consilia
777 1381 997 1425 exsecrari,
1021 1369 1340 1415 Ciceronem⁴ad

60 1437 217 1477 eaelum
230 1438 376 1478 tollere
390 1454 398 1477 ε
420 1439 554 1478 veluti
565 1451 618 1478 ex
631 1439 838 1478 servitute
847 1444 991 1491 erepta
1003 1441 1202 1491 gaudium
1215 1446 1340 1492 atque

61 1501 261 1542 laetitiam
281 1503 487 1553 agitabat:
518 1516 698 1555 namque
719 1504 927 1543 alia-belli
948 1505 1138 1544 facinora
1156 1506 1335 1556 praedae
1375 1514 1394 1543 2

60 1566 189 1617 magis
214 1580 338 1619 quam
365 1566 618 1608 detrimento*
641 1569 744 1618 fore,
770 1568 1010 1608 incendium
1034 1576 1133 1609 vere
1157 1570 1336 1621 crudele,

60 1630 374 1672 immoderatum
412 1645 458 1672 ae
492 1633 572 1672 sibi
602 1639 796 1673 maxume
828 1634 1119 1674 calamitesum
1140 1631 1336 1686 putabat,

61 1697 213 1748 quippe
231 1703 299 1736 eui
323 1690 472 1737 omnes‘
488 1693 633 1749 cepiax!
655 1701 702 1737 in
720 1704 799 1738 fissi
818 1699 1028 1738 cotidiane
1055 1703 1098 1738 et
1121 1699 1238 1738 cultu
1257 1713 1339 1739 eor-

62 1761 171 1811 poris
195 1765 323 1801 erant.

112 1825 212 1866 Post
240 1838 335 1865 eum
362 1826 474 1866 diem
503 1827 673 1878 quidam
703 1828 747 1866 L.
778 1828 1035 1878 Tarquinius
1066 1829 1119 1867 ad
1148 1833 1339 1868 senatum
1378 1835 1398 1864 3

61 1889 259 1930 adductus
292 1895 392 1940 erat,
422 1892 628 1942 quemad
659 1891 884 1931 Catilinam
922 1889 1254 1944 proficiseentein
1287 1906 1338 1932 ex

60 1954 206 1993 itinere
226 1959 448 1994 retractum
468 1956 646 1995 aiebant.
703 1956 747 1996 Is
767 1969 858 1995 cum
885 1963 929 1997 se
949 1957 1106 1996 diceret
1136 1957 1338 1997 indicata·
1356 1963 1358 1965 ’
1375 1967 1391 1995 i

62 2031 150 2057 rum
167 2019 219 2058 de
238 2019 531 2069 coniuratione,
553 2027 590 2059 si
614 2021 719 2060 fides
747 2021 916 2072 publiea
939 2022 1038 2061 data
1056 2026 1177 2070 esset,
1201 2022 1336 2062 iussus

59 2087 85 2121 a
100 2083 266 2122 consule
289 2096 393 2134 quae
419 2088 544 2124 sciret
569 2085 741 2135 edicere,
763 2086 907 2125 eadem
931 2086 1019 2126 fere
1044 2100 1148 2137 quae
1173 2088 1335 2126 Voltur-

60 2145 158 2196 cius,
176 2147 228 2186 de
247 2151 403 2199 paratis
425 2149 643 2199 incendiis²
661 2149 714 2189 de
733 2150 857 2189 caede
880 2151 1088 2199 bonerum,
1110 2152 1161 2189 de
1185 2151 1336 2190 itinere

60 2209 252 2258 hostium,
283 2217 471 2253 senatum
505 2214 646 2254 dohet:
662 2218 902 2265 -praeterea
939 2215 1186 2256 sse-missum
1220 2222 1245 2255 a
1276 2216 1334 2258 M.
