1488 2436
145 143 200 186 24
527 155 620 188 GAI
649 154 881 188 SALLUs'rt
911 154 1069 188 omem

195 270 343 314 magna
370 257 637 304 multitudine
669 269 764 304 ante
797 265 904 304 diem
932 222 1005 305 Vf.
1035 266 1247 305 Kalendas
1278 266 1452 305 Novem-

143 334 162 364 2
197 327 292 366 bris.
351 328 492 376 Simul,
509 329 551 366 id
572 329 680 378 quod
695 329 739 366 in
757 329 833 367 tali
851 335 893 366 re
909 329 1023 377 solet,
1041 329 1112 367 alii
1127 332 1315 379 portenta
1329 333 1451 379 atque

26 438 36 441 Δ
197 391 383 440 prudigia
401 391 656 439 nuntiabant,
678 391 751 429 alii
773 395 995 430 conventus
1024 390 1124 441 fieri,
1146 404 1257 430 arma
1284 395 1449 442 portari,

0 438 58 486 νώ
75 423 172 491 ³4⁶4*
198 453 360 509 Qae
381 457 502 504 atque
522 454 564 491 in
585 449 739 509 Kpulja
757 454 904 493 servile
923 454 1078 493 bellum
1095 461 1261 493 moveri.
1318 455 1454 504 Igitur
1472 460 1488 492 ⁹.

197 520 330 555 senati
357 516 519 555 decretu
546 518 591 562 Q.
621 517 800 556 Marcius
829 517 919 556 Rex
945 517 1152 566 Faesulas,
1181 518 1226 564 Q.
1253 518 1451 557 Metellus

142 586 162 615 4
198 579 380 618 Creticus
400 580 443 617 111
463 574 657 629 Kpuliam
675 579 907 630 circumque
927 592 974 619 ea
995 580 1084 619 loca
1105 580 1332 619 missi—ei
1354 584 1452 619 utri-

197 654 275 692 que
295 643 346 681 ad
364 643 505 681 urbem
524 643 789 693 imperatores
809 647 936 693 erant,
953 643 1141 694 impediti
1159 650 1210 682 ne
1229 643 1452 694 triumpha-

0 727 5 730 -
27 707 172 746 HM.
197 709 290 743 rent
314 705 519 744 calumnia
544 712 775 756 paucurum,
796 706 943 757 quibus
972 707 1109 745 omnia
1133 707 1306 745 honesta
1329 711 1451 756 atque

144 775 163 804 5
197 768 412 806 inhonesta
438 769 612 806 vendere
637 775 725 808 mus
755 773 842 808 erat
854 793 918 818 —-,
935 770 1007 808 sed
1036 775 1241 820 praeturas
1267 770 1311 815 Q.
1336 770 1452 807 Pom-

187 826 313 881 'peius
333 832 470 869 Rufus
490 832 683 882 Capuam,
703 832 747 877 Q.
769 832 964 871 Metellus
984 833 1101 872 Celer
1119 832 1163 870 in
1182 845 1323 881 agrum
1341 833 1453 871 Pice—

197 907 307 942 num,
328 901 466 944 eisque
486 895 742 944 permissum,
761 899 826 934 uti
843 902 917 946 pru
935 899 1116 946 tempore
1131 899 1260 946 atque·
1272 896 1452 946 periculu

145 964 165 993 6
199 957 421 995 exercitum
444 961 735 1008 compararent.
791 957 859 997 Ad
884 959 971 1008 huc,
999 964 1036 998 si
1065 958 1156 1009 quis
1187 958 1452 997 indicavisset

198 1020 248 1058 de
267 1020 558 1069 coniuratiune‚
579 1033 682 1071 quae
710 1025 852 1060 contra
878 1034 964 1060 rem
988 1022 1193 1072 publicam
1214 1022 1325 1060 facta
1352 1025 1450 1070 erat,

198 1083 423 1133 praemium
448 1090 565 1122 servu
590 1083 823 1123 libertatem
849 1088 890 1123 et
918 1085 1108 1123 sestertia
1130 1088 1304 1133 centum,
1323 1085 1452 1124 libers)

146 1154 164 1183 ⁷
200 1146 489 1196 impunitatem
525 1147 613 1185 eius
649 1153 709 1185 rei
744 1150 785 1186 et
822 1148 1012 1187 sestertia
1048 1148 1238 1197 ducentaJ
1271 1148 1452 1197 itemque

199 1209 426 1258 decrevere,
441 1213 505 1248 uti
524 1209 791 1259 gladiaturiae
803 1210 988 1249 familiae
1007 1211 1187 1261 Capuam
1201 1214 1243 1249 et
1261 1210 1305 1248 in
1319 1214 1453 1249 cetera

198 1272 424 1322 municipia
445 1272 789 1312 distribuerentur
810 1279 884 1324 prt‘)
908 1274 1102 1324 cuiusque
1122 1273 1278 1323 opibus,
1298 1274 1453 1312 Romae

198 1347 272 1385 per
307 1339 437 1374 tutam
472 1336 615 1374 urbem
640 1336 809 1385 vigiliae
835 1336 1083 1375 haberentur
1111 1342 1250 1387 eisque
1276 1336 1453 1375 minui-es

199 1398 466 1448 magistratus
484 1403 730 1450 praeessent.

147 1521 263 1555 Panic
291 1521 328 1554 in
355 1521 472 1555 Rome.
524 1521 674 1556 Catiline
701 1521 875 1557 continues
902 1522 956 1557 his
977 1521 1149 1568 plottiny;
1176 1523 1217 1557 he
1243 1523 1377 1557 attends
1404 1523 1456 1556 the

193 1578 339 1623 meetz'nq
360 1578 405 1622 of
420 1579 473 1612 the
499 1578 623 1613 Senate
646 1585 681 1613 at
702 1579 810 1613 which
836 1579 959 1614 Cicero
981 1579 1127 1614 delivers
1149 1579 1204 1614 his
1217 1579 1302 1625 first
1323 1579 1455 1614 oration

193 1636 331 1680 ayainst
353 1635 434 1669 kim.
489 1634 668 1670 Catiline’s
691 1636 790 1680 reply
812 1637 885 1670 and
907 1637 1028 1670 threat.

250 1714 411 1753 XXXI.
450 1715 604 1760 Quibus
633 1715 753 1755 rebus
781 1719 966 1767 permuta
992 1716 1138 1755 civitas
1166 1719 1288 1766 atque
1316 1715 1455 1754 immu-

198 1781 288 1816 tata
311 1777 425 1816 urbis
444 1777 572 1817 facies
591 1782 689 1817 erat.
745 1779 810 1817 Ex
829 1786 987 1818 summa
1012 1779 1173 1818 laetitia
1191 1783 1315 1829 atque
1342 1778 1455 1818 lasci-

199 1841 279 1890 via,
317 1853 420 1891 quae
466 1841 661 1880 diuturna
697 1842 812 1892 quies
858 1846 1082 1893 pepererat,
1120 1847 1286 1892 repente
1324 1834 1466 1880 omnis⁴

146 1910 165 1940 2
200 1903 373 1942 tristitia
390 1903 567 1942 invasit:
597 1905 805 1954 festinare,
826 1905 1043 1956 trepidare,
1063 1917 1194 1955 neque
1217 1905 1305 1943 locu
1323 1916 1455 1954 neque

199 1967 358 2005 homini
387 1973 578 2017 cuiquam
611 1968 710 2007 satis
741 1969 915 2018 credere,
948 1981 1078 2019 neque
1115 1968 1268 2008 bellum
1305 1979 1454 2017 gerere,

199 2042 331 2081 neque
350 2037 491 2080 pacem
510 2031 670 2080 habere,
693 2038 764 2070 suu
784 2032 955 2082 quisque
975 2036 1087 2070 metu
1106 2031 1287 2082 pericula
1305 2034 1453 2069 metiri.

146 2101 165 2130 3
199 2093 267 2132 Ad
286 2093 362 2132 hcc
381 2093 585 2142 mulieres,
602 2094 749 2144 quibus
769 2101 829 2133 rei
847 2095 1033 2145 publicae
1052 2094 1338 2144 magnitudine
1356 2093 1457 2133 belli

198 2157 322 2196 timor
353 2156 544 2196 insolitus
571 2157 806 2206 incesserat,
833 2157 1042 2197 adflictare
1069 2163 1168 2206 sese,
1192 2163 1337 2196 manus
1367 2169 1457 2207 sup-

199 2219 328 2271 plices
348 2220 402 2259 ad
420 2219 579 2259 caelum
596 2220 775 2271 tendere,
795 2220 981 2260 miserari
1002 2226 1150 2271 parvus
1173 2220 1335 2270 liberes,
1355 2219 1457 2270 rogi-
