1488 2436
475 86 676 119 BELLUM
705 84 994 119 cA‘rmmAn.
1347 71 1404 114 43

79 213 178 251 esse,
215 212 304 240 eam
339 201 490 239 cuncta
525 197 767 238 mortalium
808 196 921 237 mala
961 196 1203 246 dissolvere,
1240 194 1355 234 ultra

77 277 207 316 neque
231 270 351 303 curae
376 275 511 314 neque
535 262 687 313 gaudie
714 261 851 301 locum
879 274 981 301 esse.
1041 261 1134 310 Sed,
1156 273 1228 312 per
1252 260 1350 299 dees
1366 268 1404 298 21

77 328 333 378 immortalis,
354 340 479 379 quam
499 327 551 366 ob
570 340 656 366 rem
680 326 726 365 in
751 326 1004 366 sententiam
1028 332 1112 364 nen
1135 325 1352 374 addidisti,

76 398 139 434 uti
172 392 287 445 prius
323 392 564 432 verberibus
602 391 648 430 in
684 397 754 431 ees
788 390 1192 430 animadverteretur
1206 392 1227 429 ?
1283 390 1354 445 An
1370 398 1410 428 22

76 458 173 510 quia
189 457 258 496 lex
275 456 424 496 Porcia
441 460 557 496 vetat
570 457 591 495 ?
647 455 707 495 At
726 455 834 495 aliae
853 455 967 506 leges
988 455 1090 494 item
1109 455 1356 495 condemna-

75 526 130 562 tis
156 521 314 562 civibus
342 527 425 560 nen
453 521 635 560 animam
669 520 787 572 eripi,
823 520 896 559 sed
929 520 1126 559 exsilium
1163 519 1356 571 permitti

75 587 226 626 iubent.
283 585 352 624 An
375 585 473 637 quia
498 585 667 636 gravius
696 589 761 625 est
789 585 1000 624 verberari
1024 597 1148 636 quam
1175 590 1315 623 necari
1331 585 1352 622 ?
1370 591 1410 621 23

75 651 178 698 Quid
207 654 345 690 autem
373 650 564 690 acerbum
594 654 667 689 aut
691 649 818 690 nimis
844 662 970 700 grave
998 654 1063 689 est
1091 649 1136 688 in
1163 649 1353 704 homines

74 718 183 755 tanti
216 714 414 754 facinoris
450 715 696 754 convictes?
758 714 833 754 Sin
870 714 971 766 quia
1007 714 1142 753 levius
1165 717 1240 763 est,
1279 719 1353 764 qui
1369 721 1410 751 24

78 779 269 819 convenit
295 779 340 818 in
364 779 524 819 minere
549 778 717 830 negetis)
742 778 878 829 legem
902 779 1064 829 timere,
1085 791 1178 818 cum
1199 790 1290 817 eam
1309 778 1355 817 in

75 843 227 883 meiere
245 843 478 894 neglegeris
491 845 512 885 ’,Ρ

129 908 188 947 At
218 908 330 947 enim
363 908 458 959 quis
490 908 778 960 reprehendet,
812 908 924 959 quod
961 907 1007 947 in
1034 907 1265 960 parricidas
1293 913 1356 947 rei
1370 914 1410 945 25

76 972 264 1024 publicae
283 973 495 1012 decretum
521 973 603 1012 erit
616 974 637 1012 ?
693 974 890 1024 Tempus,
912 973 1013 1022 dies,
1033 973 1216 1022 fortuna,
1237 972 1355 1012 cuius

76 1036 217 1076 lubide
236 1037 428 1087 gentibus
447 1038 698 1077 moderatur.
757 1037 852 1077 Illis
879 1037 1029 1076 merite
1048 1037 1221 1086 accidet,
1243 1037 1352 1088 quic-
1367 1044 1408 1074 26

77 1101 178 1152 quid
201 1101 406 1141 evenerit:
437 1105 622 1141 ceterum
648 1108 734 1152 ves,
755 1106 896 1154 patres
923 1106 1162 1153 censeripti,
1184 1101 1286 1152 quid
1310 1101 1355 1140 in

77 1165 179 1206 alios
208 1166 404 1206 statuatis
436 1166 705 1206 censiderate.
763 1166 914 1206 Omnia
941 1166 1052 1206 mala
1078 1166 1271 1217 exempla
1302 1179 1355 1205 ex
1372 1173 1411 1204 27

77 1230 192 1270 bonis
211 1234 302 1270 orta
321 1234 440 1281 sunt3
471 1231 544 1270 sed
562 1231 634 1270 ubi
654 1231 877 1282 imperium
904 1231 957 1270 ad
982 1237 1149 1282 ignares
1175 1231 1264 1270 eius
1284 1235 1357 1270 aut

78 1295 211 1335 minus
229 1295 358 1335 bones
378 1295 582 1346 pervenit,
597 1308 748 1334 novom
768 1295 876 1335 illud
895 1295 1134 1347 exemplum
1150 1296 1202 1335 ab
1217 1296 1356 1346 dignis

78 1363 119 1399 et
137 1359 296 1399 ideneis
309 1359 362 1399 ad
375 1359 570 1410 indignes
583 1364 625 1399 et
644 1367 727 1399 nen
743 1361 913 1400 idenees
927 1360 1192 1400 transfertur.
1231 1361 1355 1400 Lace-
1371 1368 1410 1398 28

77 1424 281 1464 daemonii
312 1424 489 1464 devictis
517 1424 847 1464 Atheniensibus
876 1424 1054 1475 triginta
1085 1425 1198 1464 vires
1230 1425 1358 1476 impo-

77 1495 205 1538 suere,
231 1495 304 1540 qui
325 1501 412 1528 rem
437 1488 647 1540 publicam
672 1495 815 1529 cerum
842 1492 1082 1528 tractarent.
1139 1491 1193 1528 Ei
1220 1496 1355 1540 prime
1372 1495 1412 1526 29

77 1559 242 1604 coepere
274 1565 513 1604 pessumum
542 1565 747 1604 quemque
780 1558 822 1592 et
854 1554 1047 1593 omnibus
1080 1554 1264 1593 invisum
1297 1554 1358 1593 in-

78 1617 314 1657 demnatum
339 1624 508 1657 necere:
538 1630 587 1657 ea
614 1618 793 1669 populus
822 1618 972 1657 laetari
991 1622 1034 1657 et
1052 1618 1200 1658 merite
1220 1619 1357 1658 dicere

77 1680 176 1720 fieri.
232 1683 346 1732 Post,
374 1683 447 1722 ubi
474 1682 679 1734 paulatim
706 1682 878 1722 licentia
903 1683 1048 1733 crevit,
1077 1683 1199 1723 iuxta
1225 1684 1354 1723 bones
1373 1691 1412 1721 30

77 1749 119 1784 et
148 1745 278 1786 males
310 1746 547 1786 lubidinese
579 1746 823 1795 interficere,
844 1750 1003 1786 ceteres
1039 1751 1156 1787 metu
1174 1752 1354 1787 terrere:

77 1808 137 1848 ita
162 1810 311 1850 civitas
343 1811 546 1850 servitute
578 1823 776 1862 oppressa
808 1811 962 1851 stultae
994 1811 1179 1851 laetitiae
1213 1819 1352 1863 gravis
1373 1820 1409 1849 31

77 1880 226 1924 poenes
246 1874 373 1914 dedit.
429 1876 587 1915 Nostra
602 1875 801 1915 memoria
814 1876 948 1914 victor
965 1876 1081 1915 Sulla
1096 1889 1186 1915 cum
1205 1878 1354 1916 Dama-
1372 1885 1410 1914 32

50 1938 58 1946 ”
77 1936 240 1988 sippum
259 1942 302 1978 ct
320 1939 425 1979 alies
452 1939 540 1979 eius
564 1940 690 1989 modi,
711 1946 784 1991 qui
802 1940 913 1979 male
933 1947 994 1979 rei
1013 1941 1203 1991 publicae
1223 1947 1357 1981 creve-

76 2005 181 2051 rant,
209 2001 389 2053 iugulari
415 2004 553 2054 iussit,
583 2004 677 2055 quis
705 2011 790 2044 nen
816 2005 976 2044 factum
1006 2005 1095 2045 eius
1123 2005 1355 2045 laudabat?

76 2063 261 2107 homines
297 2067 494 2108 scelestes
531 2071 575 2108 et
609 2068 822 2119 factieses,
851 2075 925 2120 qui
962 2069 1235 2109 seditienibus
1268 2083 1356 2109 rem

75 2129 282 2180 publicam
309 2132 635 2183 exagitaverant,
655 2133 805 2173 merite
837 2137 1006 2174 necates
1035 2134 1213 2174 aiebant.
1274 2135 1356 2174 Sed

75 2205 126 2234 ea
142 2201 208 2235 res
230 2202 404 2247 magnae
432 2196 602 2237 initium
629 2197 763 2237 cladis
791 2198 886 2237 fuit.
943 2199 1057 2238 Nam
1084 2202 1149 2238 uti
1177 2199 1353 2251 quisque
1369 2207 1409 2238 33
