1488 2436
117 115 171 158 38
501 126 591 158 GAI
620 126 850 158 SALLUSTI
881 128 1037 159 omsm

167 235 325 284 Crasse,
359 241 431 286 qui
462 234 666 275 Catilinae
693 236 915 286 nuntiaret,
943 243 996 275 ne
1022 249 1114 275 eum
1146 237 1345 276 Lentulus
1378 241 1419 276 et
1484 237 1488 262 ¹

167 299 371 348 Cethegus
391 299 542 349 aliique
562 311 614 337 ex
632 299 909 338 coniuratiene
935 300 1177 350 deprehensi
1205 304 1421 347 terrerent,

166 368 292 412 eeque
312 362 442 411 magis
459 366 696 412 properaret
715 363 768 400 ad
786 363 925 401 urbem
944 363 1144 412 accedere,
1161 369 1240 412 que
1259 368 1300 402 et
1318 367 1420 402 cete-

166 431 302 464 rerum
321 425 479 464 animes
498 425 683 463 reficeret
705 429 747 463 et
773 425 837 463 illi
864 425 1029 465 facilius
1049 432 1071 464 e
1098 426 1275 476 pericule
1294 426 1419 476 eripe-

114 495 134 525 5
166 492 318 527 rentur.
375 488 456 527 Sed
474 488 544 528 ubi
564 488 812 538 Tarquinius
831 489 1021 528 Crassum
1040 484 1279 541 neminavit,
1294 489 1420 527 homi-

166 564 259 590 nem
286 551 464 591 nebilem
495 558 697 590 maxumis
730 551 899 600 divitiis,
929 558 1086 590 summa
1121 553 1317 602 potentia,
1346 552 1420 601 alii

166 627 250 653 rem
287 614 570 654 incredibilem
598 619 690 663 rati,
719 627 813 665 pars
841 618 1007 654 tametsi
1033 621 1175 653 verum
1203 618 1419 654 existuma-

164 678 275 726 bant,
308 682 447 716 tamen
478 677 577 728 quia
607 677 653 716 in
680 678 757 716 tali
783 681 966 728 tempore
997 681 1115 716 tanta
1145 684 1208 717 vis
1240 678 1417 717 hominis

164 740 295 789 magis
326 741 523 779 leniunda
551 753 673 790 quam
706 741 952 790 exagitanda
977 741 1211 789 videbatur‚·
1233 741 1417 791 plerique

165 804 311 843 Crasse
329 816 380 842 ex
394 803 570 854 negetiis
585 808 759 854 privatis
774 804 950 852 obnoxii,
966 804 1223 842 conclamant
1241 804 1418 842 indicem

111 874 131 903 6
164 867 316 905 falsum
335 879 436 916 esse,
455 867 586 917 deque
609 873 658 905 ea
679 873 723 905 re
749 867 962 917 pestulant
982 870 1046 905 uti
1070 868 1281 905 referatur.
1339 868 1420 906 Ita-

165 942 256 980 que,
284 930 521 969 censulente
558 930 760 978 Cicerene,
793 930 993 980 frequens
1024 934 1188 969 senatus
1224 931 1417 979 decernit,

165 992 365 1042 Tarquini
396 981 594 1031 indicium
625 993 778 1032 falsum
805 993 938 1031 videri
966 987 1138 1043 eumque
1170 993 1214 1030 in
1244 993 1429 1032 vinculis—

164 1056 437 1104 retinendum,
456 1068 588 1106 neque
606 1056 782 1112 ampliffis
808 1060 1053 1106 potestatem
1072 1056 1318 1105 faciundam,
1338 1057 1419 1095 nisi

165 1119 215 1157 de
234 1125 282 1157 ee
301 1118 513 1168 indicaret,
533 1118 649 1158 cuius
675 1119 845 1158 censilie
869 1122 1028 1157 tantam
1046 1131 1132 1157 rem
1151 1123 1260 1158 esset
1278 1123 1420 1157 menti-

111 1189 130 1219 7
166 1185 245 1220 tus.
301 1182 433 1220 Erant
468 1188 516 1220 ee
557 1185 740 1232 tempore
779 1188 851 1231 qui
889 1174 1186 1221 existumarent
1222 1182 1418 1234 indicium

141 1270 147 1275 -
163 1244 269 1283 illud
287 1250 312 1283 a
330 1245 375 1283 Ρ.
396 1244 599 1284 Autrenie
617 1245 907 1294 machinatum,
929 1251 1010 1295 que
1028 1244 1192 1283 facilius
1212 1245 1419 1296 appellate
1438 1266 1445 1272 -

164 1308 312 1347 Crasse
330 1320 403 1358 per
428 1308 665 1347 societatem
692 1307 876 1358 periculi.
892 1308 1072 1358 reliques
1096 1308 1209 1346 illius
1235 1301 1432 1358 potentia*

110 1378 130 1407 8
165 1374 332 1420 tegeret.
387 1370 477 1409 Alii
502 1371 772 1421 Tarquinium
799 1377 825 1410 a
856 1370 1065 1410 Cicerene'
1082 1371 1310 1410 immissum
1342 1371 1420 1410 aie-

163 1434 275 1482 bant,
306 1440 359 1472 ne
390 1434 564 1473 Crassus
588 1440 699 1472 mere
731 1440 805 1473 sue
837 1437 1039 1484 suscepte-
1057 1434 1255 1472 malerum
1288 1438 1420 1484 patre-

110 1503 130 1532 9
164 1496 273 1535 cinis)
295 1509 381 1535 rem
403 1497 607 1547 publicam
632 1497 903 1536 conturbaret.
959 1497 1103 1547 Ipsum
1128 1497 1319 1536 Crassum
1345 1509 1419 1545 ego

163 1563 305 1610 postea
322 1560 624 1610 praedicantem
646 1560 797 1609 audivi,
817 1563 976 1599 tantam
997 1560 1112 1598 illam
1130 1560 1418 1599 contumeliam
1461 1567 1463 1569 '

163 1622 243 1661 sibi
261 1622 312 1661 ab
331 1622 524 1662 Cicerene
545 1623 790 1674 impositam.

114 1729 261 1764 Catulus
285 1731 357 1764 and
379 1730 467 1765 Piso
489 1730 527 1764 in
548 1730 630 1765 vain
653 1731 718 1765 ask
745 1730 867 1765 Cicero
889 1736 922 1765 to
946 1731 1100 1776 impeach
1129 1731 1272 1765 Caesar.
1325 1731 1419 1776 They

259 1798 382 1822 accuse
409 1787 543 1822 Caesar
559 1787 743 1832 privately.
796 1787 941 1821 Threats
964 1788 1101 1833 ayainst
1128 1787 1270 1822 Caesar.

213 1879 368 1918 XLIX.
408 1879 488 1918 Sed
507 1879 661 1918 eisdem
679 1879 931 1929 temporibus
950 1879 995 1925 Q.
1012 1879 1182 1918 Catulus
1202 1883 1243 1918 et
1262 1880 1419 1920 G,P1sc·›

161 1954 294 1992 neque
311 1942 444 1993 preti6
462 1953 595 1993 neque
613 1942 748 1991 gratia
762 1941 998 1981 Ciceronem
1012 1942 1222 1992 impellere
1238 1945 1416 1993 quivere,

160 2009 225 2044 uti
251 2017 324 2056 per
347 2004 590 2054 Allobroges
615 2008 687 2044 aut
713 2005 841 2044 alium
869 2005 1046 2044 indicem
1073 2005 1114 2044 C.
1137 2006 1285 2045 Caesar
1310 2005 1418 2044 false

109 2076 128 2105 2
162 2068 452 2108 nominaretur.
506 2066 617 2107 Nam
630 2072 802 2119 uterque
822 2080 914 2107 cum
933 2064 1160 2117 ille‘gravis
1179 2068 1417 2107 inimicitias

162 2131 425 2171 exercebant:
462 2132 561 2171 Pise
596 2132 857 2182 oppugnatus
892 2131 937 2169 in
967 2130 1121 2170 iudicio
1152 2131 1417 2181 pecuniarum

161 2194 478 2245 repetundarum
507 2197 675 2246 propter
705 2194 919 2234 cuiusdam
950 2193 1235 2245 Transpadani
1266 2193 1419 2244 suppli-
