1488 2436
131 133 184 175 50
514 142 604 176 GA1
633 142 863 175 sALLusmr
893 143 1050 174 cmsrr

182 252 246 291 lus
274 252 485 292 Remanus
506 253 619 292 domi
644 252 909 303 militiaeque,
929 258 1034 291 mari
1055 255 1178 301 atque
1197 255 1307 290 terra
1325 262 1435 301 prae-

181 312 292 352 clara
319 313 503 352 facinora
534 313 646 362 fecit,
679 313 787 351 forte
818 312 954 351 lubuit
981 312 1201 360 attendere,
1235 322 1338 361 quae
1370 317 1434 349 res

130 386 147 414 3
183 383 372 415 maxume
409 380 525 415 tanta
556 376 730 426 negoti'as
747 375 1021 415 sustinuisset.
1080 374 1265 414 Sciebam
1302 385 1436 423 saepe-
1486 400 1488 403 .

181 446 349 478 numere
377 446 504 490 parva
532 438 655 477 mani]
681 451 774 477 cum
797 444 955 488 magnis
991 436 1217 487 legienibus
1255 436 1433 475 hostium

183 503 451 551 contendisse,
472 509 738 551 cegneveram
767 508 905 552 parvis
933 501 1061 552 copiis
1086 501 1194 539 bella
1212 503 1327 549 gesta
1345 511 1436 538 cum

184 567 388 617 opulentis
425 566 600 615 regibus,
630 566 683 604 ad
719 565 795 603 hec
828 577 948 615 saepe
979 565 1170 602 fortunae
1198 562 1437 601 violentiam

183 629 434 679 toleravisse,
455 628 651 668 facundia
679 629 868 677 Graeces,
889 627 1018 677 gleria
1045 627 1144 665 belli
1173 626 1314 665 Galles
1343 629 1437 664 ante

131 702 150 729 4
185 694 390 732 Remanes
427 692 567 731 fuisse.
625 691 686 730 Ac
718 691 820 729 mihi
857 690 987 729 multa
1018 690 1192 739 agitanti
1227 689 1438 728 censtabat

185 762 403 807 paucerum
425 755 576 794 civium
597 754 800 804 egregiam
819 754 1015 810 virtutem
1035 756 1181 791 cuncta
1198 752 1438 802 patravisse,

186 826 313 870 eoque
329 819 486 858 factum
503 822 566 857 uti
580 818 749 857 divitias
765 820 997 868 paupertas,
1019 808 1326 855 multitudinem
1345 827 1441 865 pau-

132 891 151 919 5
186 883 290 921 citas
329 884 548 932 superaret.
608 881 689 920 Sed
733 884 950 932 postquam
987 880 1088 918 luxu
1124 883 1245 929 atque
1282 878 1441 917 desidia

185 945 333 984 civitas
368 949 560 995 corrupta
588 948 663 994 est,
692 951 832 983 rursus
864 950 929 982 res
961 943 1127 994 publica
1157 941 1440 991 magnitudine

188 1015 262 1048 sua
297 1009 590 1059 imperatorum
627 1011 750 1058 atque
782 1007 1096 1056 magistratuum
1119 1005 1223 1044 vitia
1243 1008 1442 1044 sustenta-

187 1073 269 1122 bat,
290 1084 335 1111 ac
356 1076 479 1111 sicuti
504 1071 627 1110 effeta
651 1074 820 1121 parente
839 1070 980 1108 multis
1000 1068 1313 1119 tempestatibus
1331 1067 1442 1106 haud

134 1143 154 1172 6
187 1141 285 1174 sane
305 1135 522 1185 quisquam
549 1135 704 1173 Remae
730 1133 883 1172 virtute
908 1139 1080 1181 magnus
1107 1131 1200 1170 fuit.
1257 1131 1336 1170 Sed
1364 1142 1443 1168 me-

188 1198 318 1237 moria
342 1205 433 1236 mea
458 1198 617 1248 ingenti
639 1197 805 1246 virtute,
819 1196 1001 1243 >divorsis
1024 1195 1204 1234 mei-ibus
1229 1194 1344 1232 fuere
1364 1194 1443 1231 viri

188 1261 281 1310 duo,
307 1262 364 1299 M.
395 1262 496 1301 Cate
524 1264 566 1299 et
593 1261 636 1300 O.
668 1260 826 1300 Caesar.
882 1259 991 1304 Ques
1019 1258 1212 1308 quoniam
1239 1263 1303 1295 res
1332 1256 1444 1295 obtu-

189 1324 304 1373 lerat,
321 1324 486 1363 silentie
505 1326 726 1374 praeterire
744 1329 827 1361 nen
841 1322 924 1360 fuit
939 1321 1166 1369 censilium,
1183 1326 1282 1370 quin
1297 1319 1444 1358 utrius-

189 1399 268 1438 que
286 1391 475 1426 naturam
494 1390 536 1426 et
555 1392 698 1436 meres,
719 1389 918 1436 quantum
942 1384 1107 1434 ingenie
1125 1395 1298 1435 possem,
1318 1387 1444 1433 aperi-

188 1463 285 1490 rem.

371 1559 442 1595 The
459 1560 653 1594 characters
670 1558 716 1604 of
733 1558 867 1594 Caesar
882 1558 955 1592 and
975 1557 1062 1592 Cato
1078 1557 1270 1602 compared.

242 1647 351 1687 LIV.
399 1646 534 1695 Igitur
580 1652 638 1684 eis
685 1657 823 1694 genus,
870 1648 994 1694 aetas,
1041 1643 1275 1694 eloquentia
1318 1654 1443 1693 prope

190 1710 378 1761 aequalia
404 1710 531 1758 fuere,
551 1708 790 1758 magnitudo
818 1707 945 1746 animi
971 1713 1057 1757 par,
1083 1706 1182 1744 item
1211 1706 1351 1755 gleria,
1373 1705 1444 1744 sed

138 1781 159 1812 2
191 1774 274 1813 alia
309 1773 391 1812 alii.
448 1774 596 1812 Caesar
631 1770 840 1810 beneficiis
876 1782 922 1808 ac
958 1769 1237 1807 munificentia
1272 1775 1443 1817 magnus

190 1837 427 1884 habebatur,
456 1835 692 1884 integritate
720 1837 829 1872 vitae
858 1833 969 1871 Cate.
1026 1832 1105 1870 Ille
1133 1831 1444 1870 mansuetudine

191 1904 233 1939 et
251 1899 531 1938 misericordia
549 1898 683 1936 clarus
703 1890 849 1945 factus,
870 1896 965 1934 huic
985 1895 1180 1934 severitas
1201 1894 1443 1943 dignitatem

139 1971 158 2000 3
191 1963 416 2002 addiderat.
465 1961 613 2000 Caesar
627 1960 772 2008 dando,
790 1959 1051 2007 sublevando,
1067 1958 1329 2007 ignoscundo,
1344 1957 1444 1996 Cato

189 2026 295 2065 nihil
320 2025 536 2074 largiundo
555 2018 726 2073 gleriam
746 2023 918 2072 adeptus
936 2016 1008 2060 est.
1065 2022 1117 2059 In
1135 2020 1264 2059 altere
1283 2020 1444 2058 miseris

190 2089 421 2140 perfugium
445 2091 543 2136 erat,
564 2087 609 2124 in
633 2087 763 2125 altere
781 2085 901 2124 malis
929 2084 1152 2135 pernicies:
1183 2083 1296 2122 illius
1315 2082 1445 2121 facili-

139 2160 158 2190 4
189 2156 266 2201 tas,
285 2152 409 2190 huius
432 2149 666 2190 censtantia
693 2148 945 2187 laudabatur.
1001 2147 1213 2185 Postreme
1234 2146 1381 2184 Caesar
1400 2144 1444 2182 in

191 2214 372 2254 animum
400 2213 619 2252 induxerat
646 2211 843 2260 laberare‚
872 2206 1061 2260 vigilare5
1099 2207 1274 2259 negetits
1302 2212 1446 2246 amice-
