1488 2436
134 102 160 144 6

132 236 152 266 2

132 1431 151 1461 7

522 111 612 145 GAI
641 112 873 145 SALLUSTI
902 113 1060 144 ORISPI

186 220 362 261 liberum
387 224 509 272 atque
536 221 725 261 solutum.
782 222 843 260 Hi
867 226 1083 273 postquam
1108 223 1153 261 in
1176 228 1259 262 una
1282 222 1443 262 moenia

185 291 421 334 convenere,
455 285 612 335 dispari
647 297 804 334 genere,
838 285 1032 324 dissimili
1067 285 1220 335 lingua,
1253 285 1326 325 alii
1361 286 1442 325 alio

185 354 296 387 more
323 351 522 397 viventes,
551 348 791 387 incredibile
819 352 1045 399 memoratu
1073 352 1136 387 est
1168 361 1290 398 quam
1319 348 1442 388 facile

186 411 430 450 coaluerint:
443 402 530 466 'Jita
560 412 676 451 brevi
706 411 930 467 multitudo
962 411 1147 462 dispersa
1185 415 1308 462 atque
1340 423 1444 462 vaga

187 475 403 513 concordia
420 475 566 514 civitas
586 475 700 514 facta
718 478 835 529 crat.“·3
873 475 952 514 Sed
971 478 1188 525 postquam
1207 481 1272 513 ros
1291 481 1441 524 eorum,

186 538 355 585 civibus,
385 538 579 587 moribus,
609 544 717 588 agris
746 533 876 587 aucta,
906 538 1007 577 satis
1039 544 1234 588 prospera
1260 537 1442 588 satisque

186 601 345 651 pollens
364 602 591 649 videbatur,
613 605 735 641 sicuti
755 601 949 652 ploraque
970 600 1206 639 mortalium
1228 601 1442 649 habentur,

187 664 346 702 invidia
368 677 418 702 ex
443 665 654 715 opulentia
677 669 768 704 orta
792 669 866 703 est.
923 664 1058 713 Igitur
1081 670 1195 713 roges
1221 663 1443 714 populique

186 727 373 765 finitumi
397 718 745 779 bello'temptarffi
765 734 885 779 pauci
909 739 960 766 ex
986 733 1127 766 amicis
1153 726 1307 765 auxilio
1332 738 1441 766 esse;

186 803 282 828 nam
300 794 426 829 ceteri
443 794 556 829 metu
580 792 759 841 perculsi
783 798 808 830 a
832 790 1025 841 periculis
1049 790 1228 828 aberant.
1283 790 1342 828 At
1367 791 1445 828 Ro-

185 859 298 892 mani
325 854 436 891 domi
462 854 716 904 militiaeque
743 854 894 892 intenti
921 854 1131 901 festinare,
1158 858 1311 903 parare,
1338 852 1443 892 alius

186 917 313 955 alium
331 917 500 966 hortari,
519 917 705 956 hostibus
725 917 886 956 obviam
905 923 976 966 ire,
996 916 1241 964 libertatem,
1256 915 1443 966 patriam,

185 984 448 1030 parentisque
480 987 604 1020 armis
636 984 784 1030 tegere.
839 981 951 1029 Post,
980 979 1051 1018 ubi
1079 979 1261 1030 pericula
1288 978 1442 1018 virtute

185 1043 462 1093 propulerant,
506 1043 627 1083 sociis
668 1048 791 1094 atque
833 1050 974 1083 amicis
1017 1042 1173 1082 auxilia
1212 1042 1443 1093 portabant,

184 1106 397 1156 magisque
423 1107 569 1145 dandis
595 1119 718 1157 quam
743 1107 996 1157 accipiundis
1016 1105 1223 1144 beneficiis
1242 1106 1445 1144 amicitias

185 1170 396 1219 parabant.
444 1170 667 1220 Imperium
683 1170 938 1220 legitumum‚
954 1176 1104 1208 nomen
1121 1169 1269 1219 imperi
1286 1169 1445 1218 regium

186 1232 401 1272 habebant.
476 1233 649 1282 Delecti,
686 1232 835 1283 quibus
878 1245 1024 1283 corpus
1061 1238 1180 1271 annis
1216 1231 1443 1281 infirmum,

185 1295 396 1344 ingenium
424 1297 630 1347 sapientia
654 1297 838 1335 validum
867 1300 966 1345 erat,
987 1302 1047 1335 rei
1074 1295 1261 1346 publicae
1288 1295 1446 1334 consul-

184 1359 350 1398 tabant:
388 1365 428 1398 ei
463 1360 529 1398 vel
568 1364 702 1399 aetate
738 1360 804 1399 vel
841 1366 960 1398 curae
997 1358 1270 1398 similitudine
1305 1362 1444 1409 patros

186 1422 510 1472 appellabantur.
558 1424 671 1472 Post,
686 1423 756 1462 ubi
775 1423 933 1472 regium
951 1422 1180 1473 imperium,
1196 1421 1306 1472 quod
1323 1421 1445 1460 initio

147 1534 150 1537 y
183 1487 486 1525 conservandae
518 1486 722 1526 libertatis
754 1490 877 1537 atque
915 1486 1123 1535 augendae
1159 1491 1221 1523 rei
1255 1484 1444 1535 publicae

184 1548 333 1597 fuerat,
361 1549 406 1587 in
443 1550 675 1600 superbiam
711 1549 1112 1599 dominationemque
1149 1554 1192 1587 so
1228 1547 1443 1596 convertit,

186 1612 404 1651 immutato
435 1619 546 1651 more
578 1625 715 1652 annua
745 1613 918 1663 imperia
948 1613 1147 1662 binosque
1178 1611 1444 1662 imperatoros

186 1674 266 1714 sibi
284 1675 441 1714 fecere:
471 1682 518 1714 eo
536 1676 656 1715 modo
675 1675 856 1714 minume
875 1687 993 1726 posse
1011 1674 1212 1726 putabant
1233 1685 1306 1725 per
1323 1673 1445 1712 licen-

185 1738 288 1777 tiam
306 1738 550 1778 insolescere
568 1739 751 1778 animum
769 1738 1005 1778 humanum.

133 1891 253 1935 Merit,
282 1891 339 1927 i.e.
368 1892 522 1938 bravery,
547 1892 719 1933 ambitiom
749 1891 929 1937 liberalicy,
955 1902 1043 1926 were
1081 1891 1278 1926 stimulated
1320 1889 1363 1936 by
1389 1890 1444 1925 the

134 2123 153 2152 2

536 1961 610 1984 new
627 1950 727 1995 jbrm
749 1949 795 1995 of
813 1954 1042 1995 yovernment.

237 2052 335 2092 VII.
377 2052 458 2092 Sed
485 2058 533 2091 ea
559 2055 805 2103 tempestate
831 2058 998 2102 coepere
1031 2057 1074 2090 se
1106 2050 1280 2101 quisque
1311 2049 1443 2099 magis

188 2115 384 2154 extollere
402 2115 614 2166 magisque
633 2114 843 2165 ingenium
862 2115 906 2153 in
919 2117 1113 2165 promptu
1125 2113 1286 2152 habere.
1333 2113 1444 2152 Nam

187 2179 351 2230 regibus
377 2179 473 2218 boni
498 2191 623 2230 quam
650 2178 750 2217 mali
776 2177 1046 2228 suspectiores
1075 2180 1183 2225 sunt,
1203 2187 1443 2227 semperque

463 2263 692 2334 §fill-[³1⁸0
711 2249 815 2289 ἰμ’
