1488 2436
486 99 689 132 BELLUM
719 98 1005 131 cATrmNAn.
1362 87 1420 132 55

83 211 267 253 hostium
297 217 352 251 ne
383 209 682 251 circumvenire
715 215 862 263 queat„
886 211 1111 262 prohibent
1148 210 1367 262 angustiae

84 276 174 318 loci.
230 275 350 324 Quod
368 281 405 316 si
432 275 583 315 virtuti
604 279 769 316 vostrae
788 276 960 315 fortuna
987 276 1198 326 inviderit,
1220 279 1364 316 cavete
1381 283 1420 314 21

83 341 210 382 inulti
227 341 414 381 animam
427 340 645 391 amittatis,
667 334 749 380 nen
768 344 881 392 capti
903 340 1044 392 potius
1066 344 1192 380 sicuti
1220 352 1368 392 pecora

83 405 360 455 trucidemini,
382 417 508 457 quam
537 404 722 445 virorum
748 411 861 444 more
887 409 1122 456 pugnantes
1149 408 1365 445 cruentam

83 474 207 524 atque
226 470 459 511 luctuosam
477 469 697 522 victoriam
716 469 907 510 hostibus
926 469 1214 522 relinquatis.”

97 631 313 678 Disposition
328 630 376 677 os
394 630 579 666 Catiline’s
595 631 671 666 and
686 630 895 667 Antonius‘s
911 630 1040 666 armies
1056 642 1102 666 on
1118 631 1173 666 the
1190 629 1401 677 battle-field.

135 728 249 768 LIX.
288 728 406 768 Haec
435 727 508 767 ubi
538 728 658 777 dixit,
690 727 909 780 paululum
939 731 1216 768 commoratus
1247 734 1368 779 signa

84 805 229 833 canere
248 793 364 833 iubet
382 797 508 844 atque
528 797 755 833 instructos
775 793 942 833 ordines
967 793 1012 831 in
1031 793 1166 832 locum
1192 805 1368 844 aequom

85 858 262 898 deducit.
319 858 429 897 Dein
461 862 632 898 remotis
663 858 849 897 omnium
882 864 1013 908 equis,
1046 864 1129 909 quo
1161 857 1368 897 militibus

83 926 311 973 exaequato
342 922 528 974 periculo
561 922 724 962 animus
759 922 936 974 amplior
957 926 1079 972 esset,
1114 922 1203 974 ipse
1241 923 1368 973 pedes

83 987 308 1027 exercitum
340 993 416 1038 pro
453 986 543 1027 loco
571 991 698 1038 atque
735 987 867 1039 copiis
901 983 1085 1027 instruit.
1155 988 1266 1026 Nam
1303 991 1368 1026 uti
1404 994 1424 1024 2

83 1051 280 1103 planities
299 1055 389 1091 erat
414 1051 525 1091 inter
544 1051 738 1091 sinistros
757 1055 912 1091 montis
932 1055 975 1091 et
1003 1052 1055 1091 ab
1075 1052 1248 1091 dextera
1266 1057 1368 1102 rupe

84 1127 240 1167 aspera,
272 1119 364 1155 octo
392 1116 574 1155 cohortis
612 1115 659 1155 in
686 1116 826 1155 fronte
854 1116 1087 1166 constituit,
1114 1106 1370 1167 reliquarum

84 1186 203 1230 signa
233 1179 279 1219 in
297 1180 484 1221 subsidio
516 1180 649 1220 artius
681 1180 891 1232 conlocat:
926 1180 979 1220 ab
1009 1175 1069 1220 ei‘s
1103 1180 1368 1220 centuriones
1404 1187 1424 1218 3

84 1250 230 1294 omnis,
250 1244 380 1285 lectos
399 1248 442 1284 et
470 1249 675 1295 evocatos,
695 1248 911 1296 praeterea
929 1257 982 1284 ex
1001 1244 1201 1295 gregariis
1228 1245 1371 1284 militi-

84 1308 160 1349 bus
195 1312 413 1360 optumum
449 1321 656 1360 quemque
694 1313 902 1349 armatum
937 1309 983 1348 in
1019 1315 1198 1360 primam
1236 1309 1367 1348 aciem

85 1372 290 1413 subducit.
345 1374 389 1414 Θ.
425 1373 633 1413 Manlium
670 1374 716 1412 in
745 1374 905 1423 dextra,
935 1374 1214 1413 Faesulanum
1246 1386 1372 1425 quen-

85 1437 180 1477 dam
206 1438 251 1477 in
278 1437 451 1478 sinistra
478 1442 598 1490 parte
616 1445 761 1478 curare
790 1429 927 1478 iubet:
963 1438 1054 1490 ipse
1082 1450 1175 1477 cum
1205 1438 1368 1478 libertis

85 1505 127 1541 et
143 1501 357 1544 calonibus
375 1506 546 1555 propter
571 1503 756 1554 aquilam
775 1491 957 1553 adsistit,
979 1515 1104 1554 quam
1132 1502 1242 1542 bello
1262 1503 1372 1543 Cim-

84 1565 197 1607 brico
214 1566 259 1607 G.
279 1566 441 1607 Marius
460 1567 505 1606 in
524 1567 710 1607 exercitu
730 1567 927 1607 habuisse
946 1568 1170 1612 dicebatur.

137 1630 198 1670 At
224 1643 275 1671 ex
294 1631 427 1671 altera
453 1635 573 1683 parte
592 1632 635 1673 C.
666 1631 890 1682 Antonius,
911 1632 1087 1684 pedibus
1116 1644 1237 1682 aeger
1257 1632 1369 1683 quod
1403 1639 1424 1670 4

85 1695 243 1746 proelio
270 1696 415 1737 adesse
442 1697 656 1748 nequibat,
686 1698 744 1736 M.
774 1697 940 1736 Petreio
973 1697 1111 1747 legato
1140 1685 1367 1736 exercitum

85 1760 301 1811 permittit.
358 1760 440 1800 Ille
454 1761 637 1801 cohortis
653 1765 883 1811 veteranas,
895 1768 998 1813 quas
1018 1762 1225 1801 tumultus
1246 1767 1371 1800 causa
1403 1769 1423 1798 5

85 1828 395 1876 conscripserat,
415 1825 461 1864 in
479 1825 632 1875 fronte,
652 1829 749 1877 post
776 1832 846 1865 eas
865 1830 1050 1865 ceterum
1069 1826 1299 1865 exercitum
1324 1826 1370 1864 in

87 1888 282 1930 subsidiis
310 1889 444 1929 locat:
484 1890 576 1942 ipse
604 1897 711 1942 equo
748 1890 996 1930 circumiens
1033 1902 1370 1941 unumquemque

86 1953 305 1993 nominans
333 1954 531 2005 appellat,
561 1954 766 2004 hortatur,
796 1958 925 2005 rogat,
954 1959 1004 1994 ut
1031 1954 1299 1994 meminerint
1326 1961 1371 1994 se

86 2020 229 2057 contra
246 2017 430 2058 latrones
449 2018 644 2069 inermos,
660 2025 736 2070 pro
755 2019 905 2070 patria,
919 2025 994 2070 pro
1013 2019 1168 2068 liberis,
1189 2025 1265 2070 pro
1285 2025 1369 2058 aris

86 2084 211 2132 atque
238 2082 343 2122 focis
381 2089 467 2123 suis
504 2075 673 2123 certare.
731 2084 870 2123 Homo
900 2083 1110 2132 militaris,
1142 2083 1254 2134 quod
1291 2096 1374 2122 am·
1404 2090 1426 2121 6

86 2144 196 2196 plius
214 2152 343 2186 annos
361 2146 538 2198 triginta
555 2147 749 2187 tribunus
769 2151 842 2187 aut
860 2148 1099 2199 praefectus
1113 2151 1185 2187 aut
1206 2148 1371 2197 legatus

86 2212 159 2250 aut
184 2212 350 2263 praetor
376 2223 472 2251 cum
496 2217 649 2263 magna
676 2211 810 2263 gloria
837 2211 883 2250 in
910 2211 1096 2251 exercitu
1114 2211 1265 2262 fuerat,
1287 2211 1373 2264 ple-
