1488 2436
135 123 188 164 32
517 134 606 166 Gn
635 135 866 167 smmusm
896 136 1053 168 eamn

236 243 324 281 XL.
362 243 497 292 Igitur
524 244 571 283 P.
603 235 814 284 Unibrene
843 245 1005 283 cuidam
1035 244 1243 294 negetium
1265 245 1349 294 dat,
1376 249 1440 285 uti

184 305 340 354 legates
360 307 627 356 Allobrogum
647 311 828 357 requirat
847 314 1007 358 e6sque,
1028 315 1064 347 si
1091 308 1233 358 possit,
1252 308 1439 358 impellat

184 370 236 407 ad
269 370 503 408 societatem
535 371 652 419 belli,
679 375 934 410 existumans
969 371 1135 421 publice
1164 371 1439 422 privatimque
1462 411 1466 416 ,

184 444 275 471 aere
295 433 429 471 alieno
451 440 676 484 oppresses,
697 437 909 485 praeterea
933 434 1040 486 quod
1059 438 1206 472 natura
1228 440 1326 482 gen's
1339 434 1440 473 -Gal-

184 495 264 534 lica
282 496 476 534 belliccsa
498 500 616 545 esset,
637 496 759 535 facile
778 488 850 536 'ecs
870 497 922 535 ad
946 497 1029 535 tale
1051 497 1267 535 eonsilium
1291 497 1439 535 adduci

131 566 150 595 2
184 571 313 609 posse.
369 559 615 608 Umbrenus,
637 559 744 609 quod
768 559 811 597 in
832 559 970 599 Gallia
987 560 1219 609 negetiatus
1240 564 1338 608 erat,
1358 559 1440 610 ple-

184 628 320 671 risque
356 622 610 672 principibus
658 623 889 661 civitatium
938 622 1059 662 net-us
1096 627 1183 661 erat
1219 626 1341 673 atque
1370 629 1438 662 ees

184 689 364 723 neverat.
420 686 566 735 Itaque
603 685 690 724 sine
722 692 845 734 mora,
882 686 953 724 ubi
989 693 1175 736 primum‘
1202 686 1357 735 legates
1395 686 1439 723 iri

184 748 274 786 fore
297 748 520 797 censpexit‚
540 752 801 798 percontatus
830 761 959 798 pauca
980 750 1031 787 de
1057 754 1168 802 statu
1187 749 1370 787 civitatis
1398 752 1439 786 et

185 811 302 860 quasi
322 811 464 850 dolens
489 811 576 849 eius
595 817 733 849 casum
752 818 957 860 requirere
975 812 1120 861 coepit,
1141 824 1260 862 quem
1282 812 1438 850 exitum

132 881 151 910 3
184 878 312 912 tantis
331 874 449 912 malis
471 878 693 923 sperarent.
747 875 971 924 Postquam
999 874 1093 913 illes
1113 875 1226 913 videt
1253 881 1369 924 queri
1388 875 1439 913 de

185 937 358 975 avaritia
385 937 711 986 magistratuum,
729 944 928 976 accusare
952 941 1136 976 senatum
1175 938 1284 988 quod
1320 937 1363 975 in
1391 936 1449 976 e6⁸

185 1000 315 1038 auxili
339 1000 445 1037 nihil
474 1003 592 1049 esset,
613 1000 790 1040 miseriis
811 1007 895 1040 suis
923 1000 1147 1039 remedium
1174 1003 1346 1039 mortem
1375 1012 1439 1038 ex-

185 1067 381 1112 spectare,
416 1067 494 1101 “at
526 1075 600 1112 ego
616 1064 638 1083 ''
672 1063 808 1113 inquit
839 1064 1002 1113 “vebis‚
1030 1070 1066 1102 si
1094 1064 1214 1102 modo
1242 1063 1322 1101 viri
1350 1075 1438 1103 esse
1470 1093 1479 1102 .

185 1126 321 1174 voltis,
342 1117 538 1164 ratienein
568 1127 792 1175 ostendam,
813 1132 894 1176 qua
921 1130 1037 1165 tanta
1065 1126 1146 1165 ista
1163 1127 1272 1165 mala
1299 1126 1439 1176 effugi-

131 1197 150 1226 4
184 1188 303 1227 atis.''
357 1190 471 1227 Haec
499 1189 569 1227 ubi
597 1189 715 1238 dixit,
734 1189 977 1238 Allobroges
1004 1189 1048 1227 in
1073 1195 1305 1228 maxumam
1325 1201 1436 1240 spem

184 1252 352 1290 adducti
385 1252 639 1291 Umbrenum
677 1258 802 1300 Orare,
832 1256 879 1290 ut
916 1259 980 1292 sui
1011 1252 1299 1291 misereretur.-
1331 1252 1438 1291 nihil

186 1318 268 1353 tam
291 1327 480 1364 asperum
499 1327 631 1365 neque
658 1319 743 1354 tam
772 1315 936 1354 difficile
965 1327 1065 1364 esse,
1086 1316 1195 1366 quod
1221 1322 1303 1354 nen
1330 1316 1439 1366 cupi-

185 1378 365 1417 dissume
380 1378 532 1416 facturi
546 1382 694 1426 essent,
715 1378 812 1416 dum
832 1391 880 1417 ea
893 1383 958 1418 res
972 1379 1183 1417 civitatem
1198 1391 1289 1417 aere
1304 1379 1459 1417 aliene.

131 1448 151 1477 5
185 1441 388 1479 liberaret.
445 1441 524 1479 Ille
544 1447 612 1480 ecs
640 1441 685 1479 in
709 1442 874 1480 domum
893 1442 943 1480 D.
964 1443 1085 1480 Bruti
1113 1441 1308 1492 perducit,
1329 1442 1438 1491 quod.

185 1504 275 1542 fore
303 1504 531 1554 propinqua
549 1507 637 1542 erat
663 1505 948 1554 neque‘aliena
972 1505 1119 1544 censili
1145 1509 1311 1555 propter
1331 1505 1438 1544 Sem-

131 1575 151 1604 6
185 1568 392 1618 preniam:
422 1580 516 1605 nam
531 1571 617 1605 tum
635 1568 788 1606 Brutus
808 1568 859 1607 ab
870 1569 1003 1607 Rcma
1017 1568 1167 1607 aberat.
1222 1569 1440 1606 Praeterea

186 1630 406 1669 Gabinium
425 1630 604 1678 arcessit,
626 1637 706 1680 qud
734 1630 863 1669 maior
891 1631 1112 1669 aucteritas
1133 1637 1310 1670 sermcni
1335 1630 1438 1669 ines-

186 1697 257 1731 set.
296 1694 357 1731 Εό
372 1697 586 1743 praesente
602 1693 922 1732 coniurationem
938 1694 1080 1744 aperit,
1097 1694 1282 1732 nominat
1296 1693 1436 1742 socios,

183 1759 394 1807 praeterea
412 1756 563 1795 mult6s
583 1756 779 1806 cuiusque
795 1757 952 1805 generis
972 1756 1174 1804 innoxffis,
1192 1763 1272 1807 qus)
1291 1756 1438 1805 legatis

185 1819 344 1858 animus
377 1819 550 1869 amplior
579 1823 698 1858 esset.
753 1819 914 1858 Deinde
943 1826 1011 1858 ecs
1040 1819 1245 1870 pollicitcs
1275 1831 1439 1869 operam

184 1894 300 1921 suam
320 1882 483 1920 domum
502 1882 689 1921 dimittit.

135 1961 205 1996 The
249 1961 362 1996 Gauls
401 1962 534 1996 consult
578 1961 617 2003 Q.
658 1961 789 1996 Fabius
829 1961 962 2007 Sanya,
1006 1962 1077 1995 who
1116 1960 1261 2008 informs
1304 1961 1436 1995 Cicero.

181 2018 302 2053 Cicero
334 2019 493 2053 instructs
522 2020 573 2053 the
606 2018 718 2053 Gauls
750 2025 782 2053 to
808 2019 956 2063 pretend
987 2024 1018 2052 to
1052 2023 1168 2063 accept
1199 2019 1252 2052 the
1284 2023 1437 2052 overture

177 2088 196 2110 ο
236 2076 416 2111 Lentulus.

188 2075 347 2179 fXLI.
386 2138 466 2177 Sed
492 2137 736 2187 Allobroges
762 2137 834 2177 diu
859 2137 905 2176 in
931 2137 1088 2177 incerte
1114 2136 1303 2184 habuere,
1324 2136 1438 2186 quid-

115 2208 151 2243 ,2
181 2213 278 2242 nam
295 2201 443 2241 consili
461 2206 674 2253 caperent:
703 2201 748 2241 in
765 2201 896 2242 altera
913 2204 1028 2253 parte
1047 2204 1135 2241 erat
1156 2212 1224 2241 aes
1243 2200 1434 2247 alienum,
