1488 2436
0 2056 30 2095 θ
59 2066 78 2107 ι,

0 2108 53 2139 a·

139 121 195 164 20
527 133 619 166 GAI
647 134 879 166 SALLUs'n
907 135 1065 167 cmsm

190 241 352 282 sublato
371 246 535 282 auctore
554 243 605 282 de
624 244 827 283 Catilinae
849 244 1129 283 coniuratione
1154 257 1258 295 quae
1284 250 1447 296 quoquo
1472 267 1475 298 i

137 312 156 341 5
191 306 311 344 modo
330 306 516 344 audierat
534 306 809 356 complslribus
828 307 1022 346 narravit.
1078 308 1140 346 Ea
1158 314 1221 346 res
1242 308 1284 346 in
1304 314 1446 358 primis
1473 299 1476 322 ³

191 368 329 407 studia
355 369 567 407 hominum
595 370 781 408 accendit
808 370 860 408 ad
887 371 1143 410 consulatum
1171 371 1446 409 mandandum

136 439 155 467 6
191 431 247 469 Μ.
270 431 407 470 Tullio
426 431 619 471 Ciceroni.
675 433 865 483 Namque
891 437 1012 472 antea
1035 433 1230 484 pleraque
1252 433 1446 472 nobilitas
1476 466 1488 485 ι,

189 493 349 533 invidia
367 496 580 534 aestuabat
600 499 641 534 et
660 496 778 546 quasi
796 496 927 546 pollui
945 496 1199 535 consulatum
1215 497 1445 545 credebant,
1474 486 1481 563 ἲ

189 563 227 596 si
257 569 350 596 eum
380 565 568 608 quamvis
598 559 770 608 egregio
815 559 936 598 homo
964 571 1090 597 novos
1121 559 1292 610 adeptus
1325 560 1444 598 foret.
1478 567 1482 622 j

189 620 272 659 Sed
290 620 360 660 ubi
379 621 606 671 periculum
625 621 805 672 advenit,
825 621 985 661 invidia
1002 626 1126 673 atque
1145 622 1336 673 superbia
1353 625 1447 673 post
1479 626 1482 653 ἐ

188 683 314 722 fuere.

140 793 263 828 Cicero
287 794 360 828 and
388 793 429 828 C.
454 793 630 829 Antonius
656 794 783 829 elected
808 794 954 830 consuls.
1001 795 1117 830 Panic
1150 795 1197 841 of
1216 795 1267 830 the
1290 795 1443 840 platters.
1482 787 1488 832 Ι

185 849 337 884 Catiline
369 852 583 885 undaunted.
645 851 702 885 He
741 852 878 897 yathers
916 862 1018 894 arms,
1059 863 1187 897 money,
1227 863 1303 886 men
1311 862 1325 894 ,¹
1365 863 1444 886 even
1486 869 1488 871 ·

181 918 309 942 women
325 907 406 952 join
431 909 484 942 the
509 908 752 953 conspirators.

192 1040 203 1046 ·
238 991 395 1031 XXIV.
435 991 569 1041 Igitur
587 991 764 1032 comitiis
788 991 955 1042 habitis,
975 993 1160 1033 consules
1187 991 1446 1032 declarantur
1486 1010 1488 1043 3

134 1064 153 1093 2
189 1055 246 1093 M.
268 1054 430 1094 Tullius
450 1059 491 1094 et
510 1055 552 1095 C.
573 1054 791 1094 Antonius.
848 1056 963 1102 Quod
985 1055 1140 1095 factum
1167 1062 1299 1107 primo
1323 1068 1446 1106 popu-

187 1117 286 1157 laris
299 1118 593 1157 conifirationis
605 1123 874 1158 concusserat.
930 1117 1076 1169 Neque
1089 1123 1227 1158 tamen
1243 1118 1444 1158 Catilinae

186 1181 301 1219 furor
325 1181 596 1230 minuebatur,
624 1182 696 1220 sed
721 1182 764 1220 in
789 1181 1024 1232 diesvplfira
1048 1182 1215 1231 agitare,
1235 1194 1349 1220 arma
1372 1194 1445 1232 per

187 1237 353 1283 Ttaliam
378 1244 478 1284 locis
503 1248 715 1295 oportunis
740 1251 896 1295 parare,
915 1245 1129 1296 pecuniam
1156 1251 1230 1285 sua
1255 1249 1326 1283 aut
1350 1251 1446 1284 ami-

186 1314 325 1346 corum
356 1307 438 1346 fide
470 1312 675 1358 sumptam
708 1311 892 1347 mutuam
924 1308 1119 1348 Faesulas
1152 1309 1205 1347 ad
1241 1307 1444 1347 Manlium

187 1371 390 1420 quendam
418 1374 594 1422 portare,
624 1377 696 1421 qui
723 1374 866 1422 postea
891 1377 1080 1422 princeps
1109 1370 1192 1410 fuit
1222 1371 1322 1410 belli
1348 1371 1445 1410 faci-

133 1441 152 1469 3
187 1434 299 1472 undi.
372 1434 436 1472 Ea
483 1437 728 1484 tempestate
777 1434 988 1485 plurumos
1038 1435 1233 1485 caiusque
1283 1434 1444 1483 generis

185 1497 371 1536 homines
408 1497 630 1536 adscivisse
668 1497 748 1536 sibi
784 1498 949 1547 dicitur,
985 1498 1177 1537 mulieres
1214 1498 1336 1536 etiam
1374 1497 1445 1536 ali-

186 1564 297 1610 quot,
331 1572 435 1610 quae
472 1567 604 1611 primo
641 1560 821 1610 ingentis
860 1565 1048 1611 sumptus
1087 1565 1230 1611 stupro
1263 1561 1444 1611 corporis

187 1623 473 1672 toleraverant,
505 1627 610 1674 post,
643 1623 714 1662 ubi
751 1627 864 1663 aetas
900 1627 919 1662 t
973 1628 1062 1662 tum
1098 1624 1218 1662 modo
1255 1627 1444 1674 quaestui

185 1699 317 1736 neque
349 1686 539 1725 luxuriae
570 1687 737 1725 modum
773 1687 944 1736 fecerat,
972 1699 1041 1726 aes
1074 1687 1251 1726 alienum
1289 1687 1442 1735 grande

131 1758 151 1786 4
186 1749 475 1788 conflaverant.
531 1750 612 1788 Per
639 1756 706 1789 eas
735 1756 779 1789 se
804 1749 984 1790 Catilina
1007 1747 1198 1788 credebat
1222 1761 1341 1799 posse
1366 1762 1445 1788 ser-

185 1812 292 1851 vitia
315 1813 471 1852 urbana
495 1812 728 1862 sollicitare,
754 1813 895 1852 urbem
921 1813 1148 1862 incendere,
1168 1812 1279 1851 viros
1304 1809 1444 1851 earum

185 1875 252 1915 vel
271 1875 492 1926 adjungere
510 1875 590 1916 sibi
609 1876 677 1915 vel
694 1876 934 1916 interficere.

542 1995 733 2030 Char-aeter
755 1994 802 2040 of
821 1994 1036 2040 Sempronia.

238 2077 372 2119 XX’V.
410 2079 491 2118 Sed
514 2078 560 2117 in
583 2085 643 2118 eis
668 2082 756 2118 erat
782 2078 1032 2129 Sempronia,
1052 2089 1156 2128 quae
1172 2076 1304 2116 multa
1322 2087 1443 2127 saepe

133 2150 153 2179 2
186 2141 323 2182 virilis
359 2142 552 2181 audaciae
594 2142 778 2180 facinora
819 2145 1084 2180 commiserat.
1141 2141 1256 2179 Haec
1296 2138 1444 2178 mulier

187 2217 334 2257 genere
359 2209 483 2257 atque
506 2205 653 2255 forma,
678 2206 889 2256 praeterea
908 2203 998 2244 viro
1022 2206 1146 2255 atque
1171 2203 1314 2243 liberis
1341 2201 1443 2242 satis
