1488 2436
440 111 640 143 BELLUM
670 109 960 142 CATILINAE.
1316 95 1372 139 17

42 224 196 265 divorsi
222 224 409 264 audistis.
467 224 662 264 Ceterum
687 223 793 262 mihi
821 222 866 261 in
886 222 975 261 dies
995 221 1128 270 magis
1155 220 1319 260 animus
1353 228 1373 258 6

41 289 287 338 moenditur,
308 301 401 327 cum
429 289 657 337 considero,
685 299 790 338 quae
818 286 1007 326 condicio
1034 290 1146 324 vitae
1175 285 1321 324 futura

0 374 16 386 ν
42 353 108 402 sit,
128 353 210 392 nisi
238 357 400 392 nosmet
427 353 510 404 ipsi
538 352 800 391 vindicamus
829 351 874 390 in
903 351 1151 390 libertatem.
1208 350 1319 389 Nam
1353 357 1373 388 7

21 421 258 477 ¹postquam
277 423 342 456 res
362 417 531 468 publica
544 417 588 455 in
608 423 833 468 paucorum
852 415 1085 467 potentium
1105 414 1171 454 ius
1191 418 1318 464 atque

0 481 242 521 Micionem
261 481 476 530 concessit,
498 494 661 532 semper
680 481 766 520 illis
787 487 916 530 reges,
936 479 1171 519 tetrarchae
1191 482 1319 517 vecti-

0 545 151 597 pgales
180 557 279 595 esse,
309 545 467 596 populi,
496 546 687 586 nationes
716 545 929 597 stipendia
955 544 1156 595 pendere3
1188 547 1317 583 ceteri

41 616 192 659 omnes,
224 614 394 659 strenui,
427 610 537 659 boni,
568 610 729 650 nobiles
762 614 887 660 atque
921 609 1138 659 ignobiles,
1168 608 1317 658 volgus

39 674 194 713 fuimus
214 674 302 714 sine
323 675 467 724 gratia,
489 675 578 714 sine
598 675 856 724 auctoritate,
873 680 933 714 eis
953 673 1133 722 obnoxii,
1151 673 1315 724 quibus,

40 744 77 778 si
90 745 155 778 res
173 738 340 790 publiea
355 739 525 788 valeret,
542 739 760 778 formidini
775 745 970 778 essemus.
1018 738 1170 789 Itaque
1183 737 1317 777 omnis
1352 746 1372 776 8

40 801 184 852 gratia,
205 803 403 853 potentia,
424 803 566 852 honos,
589 803 762 842 divitiae
782 803 894 854 apud
912 802 1009 842 illos
1030 806 1128 842 sunt
1146 805 1220 841 aut
1243 801 1318 841 ubi

39 866 105 904 illi
132 866 298 905 volunt:
328 867 448 906 nobis
476 867 680 918 reliquere
707 867 904 918 pericula,
925 867 1126 918 repulsas,
1146 866 1315 917 iudicia,

39 934 276 980 egestatem.
333 931 445 977 Quae
465 938 546 982 quo
571 938 703 982 usque
731 932 899 971 tandem
928 931 1159 982 patiemini,
1179 931 1318 971 fortis-
1350 940 1370 970 9

40 1001 148 1034 sumi
174 994 289 1033 viri?
318 1001 454 1034 nonne
483 1002 612 1034 emori
639 1008 714 1047 per
742 996 942 1036 virtutem
970 999 1168 1047 praestat,
1189 1008 1316 1047 quam
1360 1027 1379 1039 „i

42 1062 167 1097 vitam
195 1059 385 1098 miseram
419 1064 544 1110 atque
577 1060 852 1110 inhonestam,
886 1060 958 1099 ubi
988 1060 1149 1100 alienae
1178 1073 1316 1111 super-

38 1122 129 1162 biae
159 1123 338 1162 ludibrio
371 1124 515 1174 fueris,
548 1137 622 1175 per
655 1125 835 1164 dedecus
873 1125 1100 1164 amittere?
1157 1126 1314 1166 Verum
1332 1133 1369 1162 10

37 1186 147 1226 enim
167 1193 275 1236 vero,
297 1194 371 1239 pro
391 1189 515 1227 deum
534 1193 659 1240 atque
679 1189 897 1228 hominum
916 1189 1054 1239 fidem,
1074 1190 1252 1229 victoria
1270 1189 1315 1228 in

36 1257 160 1290 mansi
179 1251 297 1291 nobis
317 1257 403 1292 est:
433 1253 547 1303 viget
566 1257 694 1303 aetas,
715 1253 879 1294 animus
898 1254 1034 1304 valet3
1064 1259 1208 1294 eontra
1226 1254 1313 1294 illis

36 1322 154 1356 annis
195 1319 318 1367 atque
361 1317 524 1357 divitiis
565 1319 704 1373 omnia
747 1323 1064 1358 consenuerunt.
1130 1320 1314 1358 Tantum

35 1379 156 1419 modo
184 1380 350 1432 incepto
377 1394 480 1432 opus
512 1386 589 1432 est,
618 1386 756 1422 cetera
784 1389 850 1423 res
880 1383 1086 1434 expediet.
1142 1384 1312 1423 Etenim
1330 1393 1366 1422 11
1390 1415 1401 1429 ,λ

35 1444 128 1494 quis
146 1445 395 1498 mortalium,
416 1453 484 1485 cui
502 1447 623 1486 virile
642 1447 858 1497 ingenium
879 1452 954 1497 est,
975 1448 1154 1487 tolerare
1174 1452 1314 1499 potest

33 1507 119 1547 illis
146 1509 315 1549 divitias
343 1517 550 1561 superare,
571 1518 675 1562 quas
703 1513 962 1563 profundant
989 1513 1034 1551 in
1060 1514 1312 1553 exstruendo

34 1579 138 1611 mari
152 1573 208 1626 'et
235 1575 446 1615 montibus
474 1577 764 1627 coaequandis,
793 1577 913 1617 nobis
942 1589 1028 1616 rem
1057 1577 1310 1618 familiarem

33 1636 159 1676 etiam
186 1639 238 1677 ad
266 1640 500 1679 necessaria
528 1641 706 1681 deesse?
744 1641 841 1682 illos
874 1642 996 1681 binas
1026 1646 1099 1681 aut
1128 1643 1310 1694 amplius

33 1701 173 1742 domos
205 1703 458 1754 continuare,
487 1705 607 1745 nobis
645 1706 774 1745 larem
812 1706 1066 1746 familiarem
1103 1714 1310 1758 nusquam

32 1765 165 1806 nuum
194 1769 319 1807 esse?
375 1769 480 1808 Cum
512 1770 690 1820 tabulas,
720 1777 851 1821 signa,
886 1775 1120 1811 toreumata
1151 1777 1309 1823 emunt,
1327 1782 1364 1811 12

31 1842 140 1871 nova
156 1831 340 1882 diruunt,
360 1833 444 1873 alia
463 1834 699 1885 aedificant,
719 1839 931 1887 postremo
957 1836 1148 1876 omnibus
1174 1838 1309 1878 modis

0 1895 15 1939 J
32 1895 246 1946 pecuniam
266 1897 451 1948 trahunt,
472 1903 639 1949 vexant,
655 1903 796 1940 tamen
816 1908 979 1941 summa
998 1901 1185 1940 lubidine
1205 1902 1310 1942 divi-

30 1958 112 1999 tias
132 1966 226 2000 suas
244 1961 409 2002 vincere
428 1968 651 2014 nequeunt.
709 1965 769 2005 At
794 1966 914 2006 nobis
933 1969 997 2005 est
1021 1966 1164 2005 domi
1153 1967 1307 2018 inopia,
1326 1975 1364 2004 13

30 2021 134 2064 foris
151 2036 222 2064 aes
241 2026 444 2067 alienum:
466 2028 576 2068 mala
594 2042 672 2078 res,
693 2042 788 2081 spes
808 2030 940 2070 multo
959 2031 1168 2081 asperior:
1196 2031 1309 2071 deni-

2 2098 124 2138 sque,
143 2089 246 2140 quid
273 2090 425 2142 reliqui
451 2092 652 2133 habemus
678 2098 844 2145 praeter
870 2095 1068 2135 miseram
1089 2096 1307 2135 animam?

10 2150 140 2206 gnum
165 2153 292 2204 igitur
314 2157 686 2208 expergiscimini?
743 2159 808 2198 En
833 2159 920 2209 illa,
941 2160 1017 2200 illa
1036 2173 1162 2211 quam
1183 2173 1306 2212 saepe
1324 2169 1361 2198 14

0 2216 205 2349 Ξὲρρῐᾱεῇε
241 2217 427 2270 libertas,
458 2225 674 2273 praeterea
704 2223 891 2275 divitiae,
922 2224 1061 2275 decus,
1092 2224 1226 2275 gloria
1260 2225 1308 2266 in

0 2406 6 2436 S
