<?xml version="1.0" encoding="UTF-8"?>
<!DOCTYPE html PUBLIC "-//W3C//DTD XHTML 1.0 Transitional//EN"
    "http://www.w3.org/TR/xhtml1/DTD/xhtml1-transitional.dtd">
<html xmlns="http://www.w3.org/1999/xhtml" xml:lang="en" lang="en">
 <head>
  <title>
</title>
<meta http-equiv="Content-Type" content="text/html;charset=utf-8" />
  <meta name='ocr-system' content='tesseract 3.04.00' />
  <meta name='ocr-capabilities' content='ocr_page ocr_carea ocr_par ocr_line ocrx_word'/>
</head>
<body>
  <div class='ocr_page' id='page_1' title='image "bellumcatilinaee00salluoft_0034.png"; bbox 0 0 1488 2436; ppageno 0'>
   <div class='ocr_carea' id='block_1_1' title="bbox 119 98 1042 142">
    <p class='ocr_par' dir='ltr' id='par_1_1' title="bbox 119 98 1042 142">
     <span class='ocr_line' id='line_1_1' title="bbox 119 98 1042 142; baseline 0 0"><span class='ocrx_word' id='word_1_1' title='bbox 119 98 170 137; x_wconf 71' lang='lat'>14</span> <span class='ocrx_word' id='word_1_2' title='bbox 506 110 595 142; x_wconf 77' lang='lat' dir='ltr'>GAI</span> <span class='ocrx_word' id='word_1_3' title='bbox 625 112 855 142; x_wconf 71' lang='lat' dir='ltr'>SAnnusrr</span> <span class='ocrx_word' id='word_1_4' title='bbox 886 112 1042 142; x_wconf 75' lang='lat' dir='ltr'>cmsrr</span> 
     </span>
    </p>
   </div>
   <div class='ocr_carea' id='block_1_2' title="bbox 0 220 1428 1396">
    <p class='ocr_par' dir='ltr' id='par_1_2' title="bbox 0 220 1428 1344">
     <span class='ocr_line' id='line_1_2' title="bbox 168 220 1425 270; baseline 0.005 -15"><span class='ocrx_word' id='word_1_5' title='bbox 168 224 391 257; x_wconf 72' lang='lat' dir='ltr'>convenere</span> <span class='ocrx_word' id='word_1_6' title='bbox 411 220 607 258; x_wconf 79' lang='lat' dir='ltr'>senatorii</span> <span class='ocrx_word' id='word_1_7' title='bbox 626 220 780 259; x_wconf 83' lang='lat' dir='ltr'>ordinis</span> <span class='ocrx_word' id='word_1_8' title='bbox 799 222 844 258; x_wconf 88' lang='lat' dir='ltr'>P.</span> <span class='ocrx_word' id='word_1_9' title='bbox 862 220 1063 259; x_wconf 77' lang='lat' dir='ltr'><strong>Lentulus</strong></span> <span class='ocrx_word' id='word_1_10' title='bbox 1085 221 1200 270; x_wconf 85' lang='lat' dir='ltr'>Sura,</span> <span class='ocrx_word' id='word_1_11' title='bbox 1213 222 1258 260; x_wconf 92' lang='lat' dir='ltr'>P.</span> <span class='ocrx_word' id='word_1_12' title='bbox 1279 223 1425 261; x_wconf 84' lang='lat' dir='ltr'>Autro-</span> 
     </span>
     <span class='ocr_line' id='line_1_3' title="bbox 168 281 1423 333; baseline 0.004 -15"><span class='ocrx_word' id='word_1_13' title='bbox 168 281 272 330; x_wconf 91' lang='lat' dir='ltr'>nius,</span> <span class='ocrx_word' id='word_1_14' title='bbox 311 282 357 320; x_wconf 89' lang='lat' dir='ltr'>L.</span> <span class='ocrx_word' id='word_1_15' title='bbox 389 282 553 322; x_wconf 82' lang='lat' dir='ltr'>Cassius</span> <span class='ocrx_word' id='word_1_16' title='bbox 591 284 812 332; x_wconf 84' lang='lat' dir='ltr'>Longinus,</span> <span class='ocrx_word' id='word_1_17' title='bbox 847 284 890 322; x_wconf 94' lang='lat' dir='ltr'>C.</span> <span class='ocrx_word' id='word_1_18' title='bbox 929 284 1145 333; x_wconf 73' lang='lat' dir='ltr'>Cethegus,</span> <span class='ocrx_word' id='word_1_19' title='bbox 1177 285 1223 322; x_wconf 91' lang='lat' dir='ltr'>P.</span> <span class='ocrx_word' id='word_1_20' title='bbox 1261 288 1302 322; x_wconf 88' lang='lat' dir='ltr'>et</span> <span class='ocrx_word' id='word_1_21' title='bbox 1340 285 1423 323; x_wconf 88' lang='lat' dir='ltr'>Ser.</span> 
     </span>
     <span class='ocr_line' id='line_1_4' title="bbox 169 344 1425 396; baseline 0.002 -14"><span class='ocrx_word' id='word_1_22' title='bbox 169 344 306 383; x_wconf 80' lang='lat' dir='ltr'>Sullae</span> <span class='ocrx_word' id='word_1_23' title='bbox 340 345 423 383; x_wconf 89' lang='lat' dir='ltr'>Ser.</span> <span class='ocrx_word' id='word_1_24' title='bbox 452 345 549 394; x_wconf 80' lang='lat' dir='ltr'>filii,</span> <span class='ocrx_word' id='word_1_25' title='bbox 576 347 621 384; x_wconf 90' lang='lat' dir='ltr'>L.</span> <span class='ocrx_word' id='word_1_26' title='bbox 650 347 938 395; x_wconf 75' lang='lat' dir='ltr'>Vargunteius,</span> <span class='ocrx_word' id='word_1_27' title='bbox 973 347 1018 392; x_wconf 83' lang='lat' dir='ltr'>Q.</span> <span class='ocrx_word' id='word_1_28' title='bbox 1040 347 1213 396; x_wconf 88' lang='lat' dir='ltr'>Annius,</span> <span class='ocrx_word' id='word_1_29' title='bbox 1239 348 1296 385; x_wconf 90' lang='lat' dir='ltr'>M.</span> <span class='ocrx_word' id='word_1_30' title='bbox 1330 348 1425 386; x_wconf 87' lang='lat' dir='ltr'>Por-</span> 
     </span>
     <span class='ocr_line' id='line_1_5' title="bbox 114 408 1425 460; baseline 0.003 -16"><span class='ocrx_word' id='word_1_31' title='bbox 114 416 132 444; x_wconf 84' lang='lat'>4</span> <span class='ocrx_word' id='word_1_32' title='bbox 167 408 253 447; x_wconf 89' lang='lat' dir='ltr'>cius</span> <span class='ocrx_word' id='word_1_33' title='bbox 273 409 414 458; x_wconf 82' lang='lat' dir='ltr'>Laeca,</span> <span class='ocrx_word' id='word_1_34' title='bbox 437 409 483 447; x_wconf 89' lang='lat' dir='ltr'>L.</span> <span class='ocrx_word' id='word_1_35' title='bbox 504 409 656 457; x_wconf 79' lang='lat' dir='ltr'>Bestia,</span> <span class='ocrx_word' id='word_1_36' title='bbox 678 409 722 454; x_wconf 83' lang='lat' dir='ltr'>Q.</span> <span class='ocrx_word' id='word_1_37' title='bbox 744 410 910 448; x_wconf 87' lang='lat' dir='ltr'>Curius:</span> <span class='ocrx_word' id='word_1_38' title='bbox 940 413 1151 459; x_wconf 77' lang='lat' dir='ltr'>praeterea</span> <span class='ocrx_word' id='word_1_39' title='bbox 1175 422 1226 448; x_wconf 85' lang='lat' dir='ltr'>ex</span> <span class='ocrx_word' id='word_1_40' title='bbox 1245 414 1425 460; x_wconf 80' lang='lat' dir='ltr'>equestri</span> 
     </span>
     <span class='ocr_line' id='line_1_6' title="bbox 169 471 1423 521; baseline 0.002 -11"><span class='ocrx_word' id='word_1_41' title='bbox 169 471 309 510; x_wconf 78' lang='lat' dir='ltr'>urdine</span> <span class='ocrx_word' id='word_1_42' title='bbox 340 473 396 509; x_wconf 91' lang='lat' dir='ltr'>M.</span> <span class='ocrx_word' id='word_1_43' title='bbox 421 472 592 510; x_wconf 87' lang='lat' dir='ltr'>Fulvius</span> <span class='ocrx_word' id='word_1_44' title='bbox 621 472 822 520; x_wconf 83' lang='lat' dir='ltr'>Nobilior,</span> <span class='ocrx_word' id='word_1_45' title='bbox 849 473 894 510; x_wconf 93' lang='lat' dir='ltr'>L.</span> <span class='ocrx_word' id='word_1_46' title='bbox 921 473 1121 521; x_wconf 75' lang='lat' dir='ltr'>Statilius,</span> <span class='ocrx_word' id='word_1_47' title='bbox 1149 474 1197 511; x_wconf 89' lang='lat' dir='ltr'>P.</span> <span class='ocrx_word' id='word_1_48' title='bbox 1224 473 1423 512; x_wconf 82' lang='lat' dir='ltr'>Gabinius</span> 
     </span>
     <span class='ocr_line' id='line_1_7' title="bbox 29 503 1426 587; baseline 0 -13"><span class='ocrx_word' id='word_1_49' title='bbox 29 503 326 587; x_wconf 46' lang='lat' dir='ltr'>”f‘mssbapita</span> <span class='ocrx_word' id='word_1_50' title='bbox 348 536 391 574; x_wconf 94' lang='lat' dir='ltr'>C.</span> <span class='ocrx_word' id='word_1_51' title='bbox 412 535 647 586; x_wconf 55' lang='lat' dir='ltr'>Cornelius:</span> <span class='ocrx_word' id='word_1_52' title='bbox 679 535 731 573; x_wconf 84' lang='lat' dir='ltr'>ad</span> <span class='ocrx_word' id='word_1_53' title='bbox 749 535 824 574; x_wconf 85' lang='lat' dir='ltr'>hoc</span> <span class='ocrx_word' id='word_1_54' title='bbox 844 535 965 573; x_wconf 90' lang='lat' dir='ltr'>multi</span> <span class='ocrx_word' id='word_1_55' title='bbox 983 547 1034 574; x_wconf 85' lang='lat' dir='ltr'>ex</span> <span class='ocrx_word' id='word_1_56' title='bbox 1049 536 1218 574; x_wconf 84' lang='lat' dir='ltr'>coloniis</span> <span class='ocrx_word' id='word_1_57' title='bbox 1238 539 1279 574; x_wconf 90' lang='lat' dir='ltr'>et</span> <span class='ocrx_word' id='word_1_58' title='bbox 1298 536 1426 574; x_wconf 88' lang='lat' dir='ltr'>muni-</span> 
     </span>
     <span class='ocr_line' id='line_1_8' title="bbox 0 583 1425 650; baseline 0.002 -15"><span class='ocrx_word' id='word_1_59' title='bbox 0 583 53 630; x_wconf 57' lang='lat' dir='ltr'>E‘</span> <span class='ocrx_word' id='word_1_60' title='bbox 114 606 133 634; x_wconf 89' lang='lat'><strong>5</strong></span> <span class='ocrx_word' id='word_1_61' title='bbox 167 598 299 648; x_wconf 88' lang='lat' dir='ltr'>cipiis,</span> <span class='ocrx_word' id='word_1_62' title='bbox 320 599 430 636; x_wconf 85' lang='lat' dir='ltr'>domi</span> <span class='ocrx_word' id='word_1_63' title='bbox 448 588 652 638; x_wconf 51' lang='lat' dir='ltr'>nobiless·</span> <span class='ocrx_word' id='word_1_64' title='bbox 674 591 805 637; x_wconf 83' lang='lat' dir='ltr'>Erant</span> <span class='ocrx_word' id='word_1_65' title='bbox 827 602 1038 648; x_wconf 73' lang='lat' dir='ltr'>praeterea</span> <span class='ocrx_word' id='word_1_66' title='bbox 1056 599 1282 650; x_wconf 75' lang='lat' dir='ltr'>complures</span> <span class='ocrx_word' id='word_1_67' title='bbox 1303 599 1425 649; x_wconf 78' lang='lat' dir='ltr'>paulo</span> 
     </span>
     <span class='ocr_line' id='line_1_9' title="bbox 168 661 1423 712; baseline 0.002 -13"><span class='ocrx_word' id='word_1_68' title='bbox 168 661 365 700; x_wconf 80' lang='lat' dir='ltr'>occultius</span> <span class='ocrx_word' id='word_1_69' title='bbox 385 662 532 700; x_wconf 84' lang='lat' dir='ltr'>consili</span> <span class='ocrx_word' id='word_1_70' title='bbox 549 661 718 700; x_wconf 91' lang='lat' dir='ltr'>huiusce</span> <span class='ocrx_word' id='word_1_71' title='bbox 739 662 960 712; x_wconf 74' lang='lat' dir='ltr'>participes</span> <span class='ocrx_word' id='word_1_72' title='bbox 980 662 1149 711; x_wconf 76' lang='lat' dir='ltr'>nobiles,</span> <span class='ocrx_word' id='word_1_73' title='bbox 1170 668 1271 712; x_wconf 83' lang='lat' dir='ltr'>quos</span> <span class='ocrx_word' id='word_1_74' title='bbox 1293 662 1423 711; x_wconf 86' lang='lat' dir='ltr'>magis</span> 
     </span>
     <span class='ocr_line' id='line_1_10' title="bbox 169 725 1424 775; baseline 0.002 -13"><span class='ocrx_word' id='word_1_75' title='bbox 169 725 458 764; x_wconf 74' lang='lat' dir='ltr'>dominationis</span> <span class='ocrx_word' id='word_1_76' title='bbox 484 731 576 775; x_wconf 77' lang='lat' dir='ltr'>spes</span> <span class='ocrx_word' id='word_1_77' title='bbox 606 725 846 764; x_wconf 68' lang='lat' dir='ltr'>hortabatur</span> <span class='ocrx_word' id='word_1_78' title='bbox 865 737 987 775; x_wconf 91' lang='lat' dir='ltr'>quam</span> <span class='ocrx_word' id='word_1_79' title='bbox 1010 725 1149 775; x_wconf 87' lang='lat' dir='ltr'>inopia</span> <span class='ocrx_word' id='word_1_80' title='bbox 1167 729 1237 764; x_wconf 89' lang='lat' dir='ltr'>aut</span> <span class='ocrx_word' id='word_1_81' title='bbox 1259 725 1341 764; x_wconf 88' lang='lat' dir='ltr'>alia</span> <span class='ocrx_word' id='word_1_82' title='bbox 1359 738 1424 764; x_wconf 88' lang='lat' dir='ltr'>ne-</span> 
     </span>
     <span class='ocr_line' id='line_1_11' title="bbox 115 788 1424 839; baseline 0.002 -15"><span class='ocrx_word' id='word_1_83' title='bbox 115 794 134 823; x_wconf 85' lang='lat'><strong>6</strong></span> <span class='ocrx_word' id='word_1_84' title='bbox 167 788 384 826; x_wconf 81' lang='lat' dir='ltr'>cessitudo.</span> <span class='ocrx_word' id='word_1_85' title='bbox 439 789 628 828; x_wconf 77' lang='lat' dir='ltr'>Ceterum</span> <span class='ocrx_word' id='word_1_86' title='bbox 665 789 857 827; x_wconf 88' lang='lat' dir='ltr'>iuventus</span> <span class='ocrx_word' id='word_1_87' title='bbox 894 788 1100 839; x_wconf 72' lang='lat' dir='ltr'>pleraque,</span> <span class='ocrx_word' id='word_1_88' title='bbox 1130 788 1202 827; x_wconf 84' lang='lat' dir='ltr'>sed.</span> <span class='ocrx_word' id='word_1_89' title='bbox 1238 795 1424 827; x_wconf 76' lang='lat' dir='ltr'>maxume</span> 
     </span>
     <span class='ocr_line' id='line_1_12' title="bbox 168 851 1425 901; baseline 0.001 -12"><span class='ocrx_word' id='word_1_90' title='bbox 168 851 380 899; x_wconf 80' lang='lat' dir='ltr'>nobilium,</span> <span class='ocrx_word' id='word_1_91' title='bbox 410 851 611 890; x_wconf 77' lang='lat' dir='ltr'>Catilinae</span> <span class='ocrx_word' id='word_1_92' title='bbox 648 851 822 901; x_wconf 75' lang='lat' dir='ltr'>inceptis</span> <span class='ocrx_word' id='word_1_93' title='bbox 858 851 1048 890; x_wconf 79' lang='lat' dir='ltr'>favebat:</span> <span class='ocrx_word' id='word_1_94' title='bbox 1079 851 1226 901; x_wconf 89' lang='lat' dir='ltr'>quibus</span> <span class='ocrx_word' id='word_1_95' title='bbox 1262 851 1306 889; x_wconf 91' lang='lat' dir='ltr'>in</span> <span class='ocrx_word' id='word_1_96' title='bbox 1341 851 1425 890; x_wconf 78' lang='lat' dir='ltr'>otio</span> 
     </span>
     <span class='ocr_line' id='line_1_13' title="bbox 169 914 1425 965; baseline 0.001 -14"><span class='ocrx_word' id='word_1_97' title='bbox 169 914 235 951; x_wconf 87' lang='lat' dir='ltr'>vel</span> <span class='ocrx_word' id='word_1_98' title='bbox 255 914 469 962; x_wconf 78' lang='lat' dir='ltr'>magnifice</span> <span class='ocrx_word' id='word_1_99' title='bbox 490 914 553 952; x_wconf 87' lang='lat' dir='ltr'>vel</span> <span class='ocrx_word' id='word_1_100' title='bbox 573 914 751 952; x_wconf 85' lang='lat' dir='ltr'>molliter</span> <span class='ocrx_word' id='word_1_101' title='bbox 771 920 908 952; x_wconf 84' lang='lat' dir='ltr'>vivere</span> <span class='ocrx_word' id='word_1_102' title='bbox 927 914 1045 964; x_wconf 82' lang='lat' dir='ltr'>copia</span> <span class='ocrx_word' id='word_1_103' title='bbox 1063 918 1162 963; x_wconf 88' lang='lat' dir='ltr'>erat,</span> <span class='ocrx_word' id='word_1_104' title='bbox 1182 914 1339 953; x_wconf 89' lang='lat' dir='ltr'>incerta</span> <span class='ocrx_word' id='word_1_105' title='bbox 1350 920 1425 965; x_wconf 80' lang='lat' dir='ltr'>pro</span> 
     </span>
     <span class='ocr_line' id='line_1_14' title="bbox 117 977 1426 1028; baseline 0.002 -14"><span class='ocrx_word' id='word_1_106' title='bbox 117 985 134 1014; x_wconf 81' lang='grc'><strong>7</strong></span> <span class='ocrx_word' id='word_1_107' title='bbox 169 980 302 1025; x_wconf 88' lang='lat' dir='ltr'>certis,</span> <span class='ocrx_word' id='word_1_108' title='bbox 328 977 481 1016; x_wconf 91' lang='lat' dir='ltr'>bellum</span> <span class='ocrx_word' id='word_1_109' title='bbox 508 989 628 1027; x_wconf 87' lang='lat' dir='ltr'>quam</span> <span class='ocrx_word' id='word_1_110' title='bbox 658 983 800 1028; x_wconf 77' lang='lat' dir='ltr'>pacem</span> <span class='ocrx_word' id='word_1_111' title='bbox 823 977 1040 1016; x_wconf 76' lang='lat' dir='ltr'>malebant.</span> <span class='ocrx_word' id='word_1_112' title='bbox 1095 978 1226 1016; x_wconf 79' lang='lat' dir='ltr'>Fuere</span> <span class='ocrx_word' id='word_1_113' title='bbox 1254 977 1353 1016; x_wconf 90' lang='lat' dir='ltr'>item</span> <span class='ocrx_word' id='word_1_114' title='bbox 1378 983 1426 1016; x_wconf 76' lang='lat' dir='ltr'>ea</span> 
     </span>
     <span class='ocr_line' id='line_1_15' title="bbox 169 1041 1426 1090; baseline 0 -12"><span class='ocrx_word' id='word_1_115' title='bbox 169 1044 414 1090; x_wconf 79' lang='lat' dir='ltr'>tempestate</span> <span class='ocrx_word' id='word_1_116' title='bbox 443 1047 515 1090; x_wconf 92' lang='lat' dir='ltr'>qui</span> <span class='ocrx_word' id='word_1_117' title='bbox 551 1041 764 1079; x_wconf 79' lang='lat' dir='ltr'>crederent</span> <span class='ocrx_word' id='word_1_118' title='bbox 792 1042 849 1078; x_wconf 91' lang='lat' dir='ltr'>M.</span> <span class='ocrx_word' id='word_1_119' title='bbox 881 1041 1086 1079; x_wconf 90' lang='lat' dir='ltr'>Licinium</span> <span class='ocrx_word' id='word_1_120' title='bbox 1117 1041 1308 1080; x_wconf 86' lang='lat' dir='ltr'>Crassum</span> <span class='ocrx_word' id='word_1_121' title='bbox 1344 1047 1426 1079; x_wconf 80' lang='lat' dir='ltr'>non</span> 
     </span>
     <span class='ocr_line' id='line_1_16' title="bbox 170 1103 1427 1154; baseline 0 -13"><span class='ocrx_word' id='word_1_122' title='bbox 170 1109 356 1152; x_wconf 76' lang='lat' dir='ltr'>ignarum</span> <span class='ocrx_word' id='word_1_123' title='bbox 383 1103 469 1142; x_wconf 78' lang='lat' dir='ltr'>eius</span> <span class='ocrx_word' id='word_1_124' title='bbox 495 1104 642 1142; x_wconf 86' lang='lat' dir='ltr'>consili</span> <span class='ocrx_word' id='word_1_125' title='bbox 666 1104 817 1142; x_wconf 86' lang='lat' dir='ltr'>fuisse:</span> <span class='ocrx_word' id='word_1_126' title='bbox 849 1103 947 1153; x_wconf 86' lang='lat' dir='ltr'>quia</span> <span class='ocrx_word' id='word_1_127' title='bbox 974 1104 1046 1143; x_wconf 92' lang='lat' dir='ltr'>Cn.</span> <span class='ocrx_word' id='word_1_128' title='bbox 1069 1104 1303 1154; x_wconf 79' lang='lat' dir='ltr'>Pompeius,</span> <span class='ocrx_word' id='word_1_129' title='bbox 1326 1103 1427 1141; x_wconf 86' lang='lat' dir='ltr'>invi-</span> 
     </span>
     <span class='ocr_line' id='line_1_17' title="bbox 132 1166 1426 1223; baseline 0.001 -19"><span class='ocrx_word' id='word_1_130' title='bbox 132 1211 145 1223; x_wconf 32' lang='grc' dir='ltr'>ζ</span> <span class='ocrx_word' id='word_1_131' title='bbox 170 1179 239 1205; x_wconf 85' lang='lat' dir='ltr'>sus</span> <span class='ocrx_word' id='word_1_132' title='bbox 276 1167 368 1217; x_wconf 87' lang='lat' dir='ltr'>ipsi,</span> <span class='ocrx_word' id='word_1_133' title='bbox 397 1173 589 1216; x_wconf 74' lang='lat' dir='ltr'>magnum</span> <span class='ocrx_word' id='word_1_134' title='bbox 617 1167 842 1205; x_wconf 84' lang='lat' dir='ltr'>exercitum</span> <span class='ocrx_word' id='word_1_135' title='bbox 878 1167 1084 1215; x_wconf 79' lang='lat' dir='ltr'>ductabat,</span> <span class='ocrx_word' id='word_1_136' title='bbox 1113 1166 1293 1206; x_wconf 83' lang='lat' dir='ltr'>cuiusvis</span> <span class='ocrx_word' id='word_1_137' title='bbox 1329 1174 1426 1218; x_wconf 78' lang='lat' dir='ltr'>opes</span> 
     </span>
     <span class='ocr_line' id='line_1_18' title="bbox 95 1214 1428 1280; baseline 0.001 -13"><span class='ocrx_word' id='word_1_138' title='bbox 95 1214 348 1268; x_wconf 53' lang='lat' dir='ltr'>³5¹3v&#39;01uisse</span> <span class='ocrx_word' id='word_1_139' title='bbox 375 1234 517 1268; x_wconf 78' lang='lat' dir='ltr'>contra</span> <span class='ocrx_word' id='word_1_140' title='bbox 544 1229 657 1268; x_wconf 90' lang='lat' dir='ltr'>illius</span> <span class='ocrx_word' id='word_1_141' title='bbox 685 1230 911 1280; x_wconf 88' lang='lat' dir='ltr'>potentiam</span> <span class='ocrx_word' id='word_1_142' title='bbox 941 1236 1130 1278; x_wconf 76' lang='lat' dir='ltr'>crescere,</span> <span class='ocrx_word' id='word_1_143' title='bbox 1152 1229 1274 1268; x_wconf 91' lang='lat' dir='ltr'>simul</span> <span class='ocrx_word' id='word_1_144' title='bbox 1303 1231 1428 1268; x_wconf 83' lang='lat' dir='ltr'>confi-</span> 
     </span>
     <span class='ocr_line' id='line_1_19' title="bbox 170 1292 1423 1344; baseline -0.001 -12"><span class='ocrx_word' id='word_1_145' title='bbox 170 1305 273 1341; x_wconf 90' lang='lat' dir='ltr'>sum,</span> <span class='ocrx_word' id='word_1_146' title='bbox 290 1299 326 1332; x_wconf 89' lang='lat' dir='ltr'>si</span> <span class='ocrx_word' id='word_1_147' title='bbox 345 1292 571 1332; x_wconf 79' lang='lat' dir='ltr'>coniuratio</span> <span class='ocrx_word' id='word_1_148' title='bbox 590 1292 799 1342; x_wconf 87' lang='lat' dir='ltr'>valuisset,</span> <span class='ocrx_word' id='word_1_149' title='bbox 815 1292 939 1331; x_wconf 81' lang='lat' dir='ltr'>facile</span> <span class='ocrx_word' id='word_1_150' title='bbox 958 1293 1068 1343; x_wconf 86' lang='lat' dir='ltr'>apud</span> <span class='ocrx_word' id='word_1_151' title='bbox 1086 1292 1180 1332; x_wconf 82' lang='lat' dir='ltr'>illos</span> <span class='ocrx_word' id='word_1_152' title='bbox 1199 1292 1423 1344; x_wconf 86' lang='lat' dir='ltr'>principem</span> 
     </span>
    </p>

    <p class='ocr_par' dir='ltr' id='par_1_3' title="bbox 170 1356 330 1396">
     <span class='ocr_line' id='line_1_20' title="bbox 170 1356 330 1396; baseline -0.013 0"><span class='ocrx_word' id='word_1_153' title='bbox 170 1363 213 1396; x_wconf 79' lang='lat' dir='ltr'>se</span> <span class='ocrx_word' id='word_1_154' title='bbox 231 1356 330 1395; x_wconf 83' lang='lat' dir='ltr'>fore.</span> 
     </span>
    </p>
   </div>
   <div class='ocr_carea' id='block_1_3' title="bbox 374 1493 1152 1527">
    <p class='ocr_par' dir='ltr' id='par_1_4' title="bbox 374 1493 1152 1527">
     <span class='ocr_line' id='line_1_21' title="bbox 374 1493 1152 1527; baseline 0 -1"><span class='ocrx_word' id='word_1_155' title='bbox 374 1493 622 1526; x_wconf 88' lang='lat' dir='ltr'>XVIII-XIX.</span> <span class='ocrx_word' id='word_1_156' title='bbox 670 1493 706 1526; x_wconf 91' lang='lat' dir='ltr'>A</span> <span class='ocrx_word' id='word_1_157' title='bbox 727 1494 887 1526; x_wconf 73' lang='lat' dir='ltr'>Fomffln</span> <span class='ocrx_word' id='word_1_158' title='bbox 909 1494 1152 1527; x_wconf 66' lang='lat' dir='ltr'>Consrnuer.</span> 
     </span>
    </p>
   </div>
   <div class='ocr_carea' id='block_1_4' title="bbox 117 1591 1429 1798">
    <p class='ocr_par' dir='ltr' id='par_1_5' title="bbox 117 1591 1429 1798">
     <span class='ocr_line' id='line_1_22' title="bbox 117 1591 1428 1635; baseline -0.002 -8"><span class='ocrx_word' id='word_1_159' title='bbox 117 1593 213 1634; x_wconf 83' lang='lat' dir='ltr'>Piso,</span> <span class='ocrx_word' id='word_1_160' title='bbox 239 1591 444 1635; x_wconf 84' lang='lat' dir='ltr'>Autronius,</span> <span class='ocrx_word' id='word_1_161' title='bbox 470 1592 542 1625; x_wconf 83' lang='lat' dir='ltr'>and</span> <span class='ocrx_word' id='word_1_162' title='bbox 570 1591 720 1626; x_wconf 81' lang='lat' dir='ltr'>Catiline</span> <span class='ocrx_word' id='word_1_163' title='bbox 744 1592 894 1626; x_wconf 81' lang='lat' dir='ltr'>combine</span> <span class='ocrx_word' id='word_1_164' title='bbox 918 1597 950 1626; x_wconf 77' lang='lat' dir='ltr'>to</span> <span class='ocrx_word' id='word_1_165' title='bbox 974 1593 1114 1626; x_wconf 82' lang='lat' dir='ltr'>murder</span> <span class='ocrx_word' id='word_1_166' title='bbox 1142 1591 1194 1626; x_wconf 78' lang='lat' dir='ltr'>the</span> <span class='ocrx_word' id='word_1_167' title='bbox 1222 1591 1357 1626; x_wconf 80' lang='lat' dir='ltr'>consuls</span> <span class='ocrx_word' id='word_1_168' title='bbox 1384 1603 1428 1627; x_wconf 80' lang='lat' dir='ltr'>on</span> 
     </span>
     <span class='ocr_line' id='line_1_23' title="bbox 161 1648 1429 1693; baseline -0.001 -10"><span class='ocrx_word' id='word_1_169' title='bbox 161 1650 246 1684; x_wconf 83' lang='lat' dir='ltr'>Jan.</span> <span class='ocrx_word' id='word_1_170' title='bbox 281 1649 311 1690; x_wconf 91' lang='lat'>1,</span> <span class='ocrx_word' id='word_1_171' title='bbox 341 1649 385 1682; x_wconf 88' lang='grc'>65</span> <span class='ocrx_word' id='word_1_172' title='bbox 414 1658 497 1690; x_wconf 83' lang='grc' dir='ltr'><strong>Β.0.,</strong></span> <span class='ocrx_word' id='word_1_173' title='bbox 527 1649 599 1682; x_wconf 83' lang='lat' dir='ltr'>and</span> <span class='ocrx_word' id='word_1_174' title='bbox 627 1654 658 1682; x_wconf 80' lang='lat' dir='ltr'>to</span> <span class='ocrx_word' id='word_1_175' title='bbox 685 1648 771 1682; x_wconf 84' lang='lat' dir='ltr'>seize</span> <span class='ocrx_word' id='word_1_176' title='bbox 806 1649 858 1682; x_wconf 75' lang='lat' dir='ltr'>the</span> <span class='ocrx_word' id='word_1_177' title='bbox 891 1660 1047 1692; x_wconf 80' lang='lat' dir='ltr'>supreme</span> <span class='ocrx_word' id='word_1_178' title='bbox 1070 1659 1197 1692; x_wconf 79' lang='lat' dir='ltr'>power.</span> <span class='ocrx_word' id='word_1_179' title='bbox 1244 1649 1429 1693; x_wconf 80' lang='lat' dir='ltr'>Postpone-</span> 
     </span>
     <span class='ocr_line' id='line_1_24' title="bbox 162 1704 1428 1751; baseline -0.002 -11"><span class='ocrx_word' id='word_1_180' title='bbox 162 1712 251 1740; x_wconf 81' lang='lat' dir='ltr'>ment</span> <span class='ocrx_word' id='word_1_181' title='bbox 272 1706 317 1751; x_wconf 88' lang='lat' dir='ltr'>of</span> <span class='ocrx_word' id='word_1_182' title='bbox 334 1706 387 1739; x_wconf 77' lang='lat' dir='ltr'>the</span> <span class='ocrx_word' id='word_1_183' title='bbox 411 1705 574 1740; x_wconf 82' lang='lat' dir='ltr'>outbrealc</span> <span class='ocrx_word' id='word_1_184' title='bbox 598 1711 629 1739; x_wconf 82' lang='lat' dir='ltr'>to</span> <span class='ocrx_word' id='word_1_185' title='bbox 652 1705 733 1739; x_wconf 85' lang='lat' dir='ltr'>Feb.</span> <span class='ocrx_word' id='word_1_186' title='bbox 758 1705 790 1738; x_wconf 88' lang='lat'>5.</span> <span class='ocrx_word' id='word_1_187' title='bbox 839 1704 890 1739; x_wconf 84' lang='lat' dir='ltr'>Its</span> <span class='ocrx_word' id='word_1_188' title='bbox 905 1705 1044 1750; x_wconf 82' lang='lat' dir='ltr'>failure</span> <span class='ocrx_word' id='word_1_189' title='bbox 1066 1705 1178 1750; x_wconf 70' lang='lat' dir='ltr'>owing]</span> <span class='ocrx_word' id='word_1_190' title='bbox 1196 1710 1228 1739; x_wconf 85' lang='lat' dir='ltr'>to</span> <span class='ocrx_word' id='word_1_191' title='bbox 1252 1705 1428 1739; x_wconf 83' lang='lat' dir='ltr'>Catiline&#39;s</span> 
     </span>
     <span class='ocr_line' id='line_1_25' title="bbox 163 1764 266 1798; baseline -0.019 -1"><span class='ocrx_word' id='word_1_192' title='bbox 163 1764 266 1798; x_wconf 79' lang='lat' dir='ltr'>haste.</span> 
     </span>
    </p>
   </div>
   <div class='ocr_carea' id='block_1_5' title="bbox 114 1861 1429 2230">
    <p class='ocr_par' dir='ltr' id='par_1_6' title="bbox 169 1861 1429 1978">
     <span class='ocr_line' id='line_1_26' title="bbox 221 1861 1428 1912; baseline -0.002 -10"><span class='ocrx_word' id='word_1_193' title='bbox 221 1863 385 1903; x_wconf 88' lang='lat' dir='ltr'>XVIII.</span> <span class='ocrx_word' id='word_1_194' title='bbox 424 1862 504 1901; x_wconf 85' lang='lat' dir='ltr'>Sed</span> <span class='ocrx_word' id='word_1_195' title='bbox 519 1865 640 1901; x_wconf 74' lang='lat' dir='ltr'>antea</span> <span class='ocrx_word' id='word_1_196' title='bbox 658 1861 758 1900; x_wconf 89' lang='lat' dir='ltr'>item</span> <span class='ocrx_word' id='word_1_197' title='bbox 772 1861 1033 1900; x_wconf 74' lang='lat' dir='ltr'>coniuravere</span> <span class='ocrx_word' id='word_1_198' title='bbox 1052 1867 1172 1912; x_wconf 87' lang='lat' dir='ltr'>pauci</span> <span class='ocrx_word' id='word_1_199' title='bbox 1185 1865 1329 1900; x_wconf 76' lang='lat' dir='ltr'>contra</span> <span class='ocrx_word' id='word_1_200' title='bbox 1342 1873 1428 1900; x_wconf 89' lang='lat' dir='ltr'>rem</span> 
     </span>
     <span class='ocr_line' id='line_1_27' title="bbox 169 1924 1429 1978; baseline -0.002 -13"><span class='ocrx_word' id='word_1_201' title='bbox 169 1926 387 1978; x_wconf 78' lang='lat' dir='ltr'>publicam,</span> <span class='ocrx_word' id='word_1_202' title='bbox 407 1925 450 1964; x_wconf 89' lang='lat' dir='ltr'>in</span> <span class='ocrx_word' id='word_1_203' title='bbox 479 1926 627 1976; x_wconf 88' lang='lat' dir='ltr'>quibus</span> <span class='ocrx_word' id='word_1_204' title='bbox 647 1925 827 1965; x_wconf 82' lang='lat' dir='ltr'>Catilina</span> <span class='ocrx_word' id='word_1_205' title='bbox 851 1925 957 1963; x_wconf 79' lang='lat' dir='ltr'>fuit:</span> <span class='ocrx_word' id='word_1_206' title='bbox 987 1925 1038 1963; x_wconf 78' lang='lat' dir='ltr'>de</span> <span class='ocrx_word' id='word_1_207' title='bbox 1057 1931 1139 1974; x_wconf 78' lang='lat' dir='ltr'>qua</span> <span class='ocrx_word' id='word_1_208' title='bbox 1166 1937 1287 1975; x_wconf 90' lang='lat' dir='ltr'>quam</span> <span class='ocrx_word' id='word_1_209' title='bbox 1307 1924 1429 1964; x_wconf 80' lang='lat' dir='ltr'>veris-</span> 
     </span>
    </p>

    <p class='ocr_par' dir='ltr' id='par_1_7' title="bbox 114 1987 1429 2230">
     <span class='ocr_line' id='line_1_28' title="bbox 114 1987 1427 2040; baseline -0.002 -12"><span class='ocrx_word' id='word_1_210' title='bbox 114 2000 135 2028; x_wconf 82' lang='lat'>2</span> <span class='ocrx_word' id='word_1_211' title='bbox 168 1996 282 2030; x_wconf 74' lang='lat' dir='ltr'>sume</span> <span class='ocrx_word' id='word_1_212' title='bbox 301 1993 443 2040; x_wconf 82' lang='lat' dir='ltr'>potero</span> <span class='ocrx_word' id='word_1_213' title='bbox 459 1989 603 2028; x_wconf 87' lang='lat' dir='ltr'>dicam.</span> <span class='ocrx_word' id='word_1_214' title='bbox 652 1989 698 2026; x_wconf 91' lang='lat' dir='ltr'>L.</span> <span class='ocrx_word' id='word_1_215' title='bbox 718 1988 840 2027; x_wconf 83' lang='lat' dir='ltr'>Tullo</span> <span class='ocrx_word' id='word_1_216' title='bbox 854 1991 896 2026; x_wconf 86' lang='lat' dir='ltr'>et</span> <span class='ocrx_word' id='word_1_217' title='bbox 914 1988 984 2026; x_wconf 88' lang='lat' dir='ltr'>M&#39;.</span> <span class='ocrx_word' id='word_1_218' title='bbox 1005 1988 1162 2038; x_wconf 78' lang='lat' dir='ltr'>Lepido</span> <span class='ocrx_word' id='word_1_219' title='bbox 1180 1987 1427 2036; x_wconf 81' lang='lat' dir='ltr'>consulibus,</span> 
     </span>
     <span class='ocr_line' id='line_1_29' title="bbox 168 2050 1428 2100; baseline -0.002 -8"><span class='ocrx_word' id='word_1_220' title='bbox 168 2054 215 2092; x_wconf 90' lang='lat' dir='ltr'>P.</span> <span class='ocrx_word' id='word_1_221' title='bbox 236 2052 463 2092; x_wconf 81' lang='lat' dir='ltr'>Autronius</span> <span class='ocrx_word' id='word_1_222' title='bbox 500 2056 542 2091; x_wconf 87' lang='lat' dir='ltr'>et</span> <span class='ocrx_word' id='word_1_223' title='bbox 577 2053 623 2090; x_wconf 89' lang='lat' dir='ltr'>P.</span> <span class='ocrx_word' id='word_1_224' title='bbox 654 2051 770 2090; x_wconf 88' lang='lat' dir='ltr'>Sulla</span> <span class='ocrx_word' id='word_1_225' title='bbox 805 2051 1010 2100; x_wconf 76' lang='lat' dir='ltr'>designati</span> <span class='ocrx_word' id='word_1_226' title='bbox 1046 2050 1232 2090; x_wconf 75' lang='lat' dir='ltr'>consules</span> <span class='ocrx_word' id='word_1_227' title='bbox 1269 2050 1428 2099; x_wconf 77' lang='lat' dir='ltr'>legibus</span> 
     </span>
     <span class='ocr_line' id='line_1_30' title="bbox 115 2113 1429 2165; baseline -0.002 -11"><span class='ocrx_word' id='word_1_228' title='bbox 115 2124 136 2154; x_wconf 83' lang='lat'><em>8</em></span> <span class='ocrx_word' id='word_1_229' title='bbox 168 2116 345 2156; x_wconf 76' lang='lat' dir='ltr'>ambitus</span> <span class='ocrx_word' id='word_1_230' title='bbox 391 2116 635 2164; x_wconf 80' lang='lat' dir='ltr'>interrogati</span> <span class='ocrx_word' id='word_1_231' title='bbox 680 2120 831 2165; x_wconf 74' lang='lat' dir='ltr'>poenas</span> <span class='ocrx_word' id='word_1_232' title='bbox 878 2114 1087 2152; x_wconf 87' lang='lat' dir='ltr'>dederant.</span> <span class='ocrx_word' id='word_1_233' title='bbox 1159 2114 1260 2152; x_wconf 88' lang='lat' dir='ltr'>Post</span> <span class='ocrx_word' id='word_1_234' title='bbox 1305 2113 1429 2164; x_wconf 79' lang='lat' dir='ltr'>paulo</span> 
     </span>
     <span class='ocr_line' id='line_1_31' title="bbox 170 2176 1428 2230; baseline -0.003 -11"><span class='ocrx_word' id='word_1_235' title='bbox 170 2179 351 2221; x_wconf 84' lang='lat' dir='ltr'>Catilina</span> <span class='ocrx_word' id='word_1_236' title='bbox 394 2178 660 2230; x_wconf 76' lang='lat' dir='ltr'>pecuniarum</span> <span class='ocrx_word' id='word_1_237' title='bbox 695 2177 1014 2228; x_wconf 76' lang='lat' dir='ltr'>repetundarum</span> <span class='ocrx_word' id='word_1_238' title='bbox 1058 2189 1150 2216; x_wconf 89' lang='lat' dir='ltr'>reus</span> <span class='ocrx_word' id='word_1_239' title='bbox 1195 2176 1428 2228; x_wconf 85' lang='lat' dir='ltr'>prohibitus</span> 
     </span>
    </p>
   </div>
  </div>
 </body>
</html>
