1488 2436
462 90 663 122 BELLUM
694 88 982 122 CATILINAE.
1334 76 1392 122 47

61 211 143 245 una
159 203 344 245 hostium
362 202 510 242 fut-[ira
528 201 623 242 sint.
682 201 766 240 Hic
786 201 890 240 mihi
912 201 1134 253 quisquam
1154 208 1342 242 mansue-
1357 209 1395 240 11

60 269 250 310 tudinem
261 272 304 308 et
322 266 648 307 misericordiam
662 265 852 305 neminat
868 267 889 304 ?
945 266 1036 305 Iam
1052 266 1215 318 pridem
1231 266 1342 318 equi-

62 334 155 374 dem
183 339 259 373 nos
292 338 392 375 vera
420 330 622 371 vocabula
653 336 790 369 rerum
823 330 1062 370 amisimus:
1107 331 1206 382 quia
1235 319 1343 371 bona

62 398 198 451 aliena
215 397 361 448 largiri
388 395 632 446 liberalitas,
652 394 856 434 malarum
876 401 1013 434 rerum
1033 395 1208 435 audacia
1226 396 1343 435 forti-

62 463 163 503 tude
182 465 364 511 vocatur,
385 467 433 500 ee
452 451 517 500 res
537 459 706 511 publica
732 459 778 498 in
797 463 984 499 extremo
1013 460 1096 499 sita
1115 463 1189 500 est.
1248 460 1342 500 Sint
1360 469 1398 499 12

63 533 173 576 sane,
191 526 387 579 quoniam
414 525 476 564 ita
494 531 538 564 se
566 531 702 564 mores
728 524 896 574 habent,
917 524 1111 564 liberales
1138 537 1190 563 ex
1218 525 1344 565 socie-

62 605 154 631 rum
177 591 373 640 fortunis,
404 590 492 630 sint
521 589 809 629 misericordes
839 589 886 628 in
914 589 1080 629 furibus
1109 595 1262 629 aerari:
1290 596 1344 629 ne

64 656 129 695 illi
148 655 391 706 sanguinem
409 657 599 694 nostrum
617 653 851 704 largiantur
870 657 923 704 et,
939 654 1040 693 dum
1059 660 1204 705 paucis
1223 653 1346 694 scele-

64 725 166 760 ratis
184 723 371 771 parcimt,
392 719 520 758 bones
541 725 675 758 omnis
695 718 906 770 perditum
926 722 1035 758 eant.

117 786 229 824 Bene
248 788 295 823 et
310 784 536 835 composite
552 784 595 824 G.
618 783 770 823 Caesar
789 783 914 834 paulo
929 787 1026 822 ante
1045 783 1091 822 in
1104 783 1183 823 hec
1199 784 1344 823 ordine
1362 792 1400 822 13

64 850 116 889 de
145 853 232 889 vita
259 852 302 888 et
329 851 462 888 morte
482 847 692 897 disseruit,
713 848 836 887 crede
858 847 970 887 falsa
996 852 1255 888 existumans
1284 862 1344 899 ea,

65 927 170 966 quae
199 913 251 953 de
283 913 432 952 inferis
465 916 758 962 memorantur,
783 913 950 952 divorse
982 912 1131 952 itinere
1162 913 1293 953 males
1321 920 1347 952 a

65 979 182 1018 bonis
226 978 319 1018 loca
354 981 500 1027 taetra,
538 976 709 1026 inculta,
748 977 874 1016 foeda
909 981 1035 1028 atque
1070 978 1348 1018 formidulosa

64 1043 225 1083 habere.
282 1043 431 1092 Itaque
463 1042 627 1081 censuit
655 1042 853 1093 pecunias
884 1048 1026 1081 eorum
1055 1042 1343 1093 publicandas,
1362 1050 1400 1079 14

65 1107 176 1159 ipses
201 1119 276 1159 per
310 1106 540 1157 municipia
575 1106 621 1145 in
657 1106 859 1146 custediis
896 1106 1121 1156 habendos,
1149 1106 1348 1147 videlicet

65 1172 228 1222 timens,
256 1177 322 1221 ne,
349 1177 386 1210 si
414 1172 572 1211 Remae
597 1170 695 1221 sint,
720 1174 794 1210 aut
816 1177 843 1210 a
866 1171 1137 1222 popularibus
1164 1171 1349 1211 coniura-

65 1236 191 1276 tionis
219 1239 293 1275 aut
311 1242 337 1275 a
354 1235 626 1274 multitudine
654 1235 860 1274 conducta
887 1247 961 1287 per
983 1235 1070 1274 vim
1100 1236 1344 1287 eripiantur.

66 1300 192 1348 Quasi
210 1306 309 1340 vere
328 1299 429 1339 mali
447 1303 573 1351 atque
593 1299 759 1340 scelesti
786 1303 951 1339 tantum
969 1300 1093 1339 modo
1120 1300 1165 1339 in
1184 1300 1285 1340 urbe
1304 1305 1348 1341 et
1364 1309 1402 1339 15

66 1371 149 1405 nen
176 1377 251 1417 per
281 1368 413 1404 tetam
433 1358 603 1404 Ttaliam
633 1364 732 1414 sint,
763 1368 837 1404 aut
872 1371 958 1404 non
986 1364 1047 1404 ibi
1083 1365 1180 1417 plus
1212 1366 1348 1417 possit

65 1429 248 1479 audacia,
268 1428 341 1469 ubi
360 1429 414 1468 ad
432 1429 746 1468 defendundum
766 1435 865 1480 opes
885 1429 1067 1469 minores
1087 1433 1197 1469 sunt.
1253 1430 1346 1477 Qua
1362 1438 1400 1468 16

66 1500 110 1532 re
134 1500 288 1533 vanum
313 1493 506 1544 equidem
529 1493 607 1533 hec
635 1493 855 1533 consilium
881 1497 957 1543 est,
978 1500 1021 1533 si·
1040 1494 1271 1545 periculum
1295 1487 1348 1537 ἃ

66 1557 152 1598 illis
172 1558 343 1597 metuit:
374 1564 412 1598 si
433 1557 478 1596 in
497 1561 617 1597 tanto
636 1557 821 1597 omnium
841 1562 957 1598 metu
976 1558 1090 1598 selus
1109 1565 1194 1598 nen
1212 1559 1346 1609 timet,

67 1629 115 1662 eo
137 1623 268 1672 magis
288 1622 420 1661 refert
448 1629 515 1661 me
533 1622 638 1661 mihi
667 1626 792 1674 atque
820 1623 939 1662 vobis
967 1623 1126 1662 timere.
1183 1624 1275 1670 Qua
1302 1631 1346 1663 re
1364 1632 1400 1663 17

67 1700 160 1726 cum
178 1687 230 1726 de
249 1688 295 1726 P.
317 1686 496 1726 Lentule
514 1690 746 1738 ceterisque
767 1687 975 1737 statuetis,
996 1694 1072 1738 pre
1095 1692 1207 1728 certo
1227 1689 1348 1728 habe-

66 1755 152 1791 tete
170 1757 245 1792 ves
265 1751 390 1791 simul
409 1751 462 1791 de
481 1751 667 1791 exercitu
686 1751 893 1791 Catilinae
912 1755 955 1791 et
974 1752 1027 1791 de
1046 1753 1237 1792 omnibus
1257 1766 1348 1792 eon-

67 1816 213 1856 ifiratis
227 1816 458 1855 decernere.
513 1816 678 1862 Quanto
693 1822 766 1856 ves
782 1816 986 1855 attentius
1006 1829 1055 1856 ea
1068 1817 1214 1867 agetis,
1227 1821 1346 1857 tante
1363 1826 1401 1855 18

66 1879 152 1920 illis
171 1880 335 1921 animus
354 1880 564 1919 infirmior
591 1881 692 1920 erit:
723 1887 761 1920 si
796 1880 968 1932 paulum
1001 1881 1124 1920 modo
1150 1888 1226 1921 ves
1262 1882 1348 1922 lan-

67 1951 190 1994 guere
207 1945 406 1995 viderint,
426 1945 509 1984 iam
529 1951 672 1985 omnes
691 1945 850 1984 feroces
871 1945 1059 1984 aderunt.

118 2009 262 2049 Nolite
281 2012 533 2049 existumare
552 2009 730 2049 maiores
758 2013 923 2049 nostres
943 2016 1070 2050 armis
1099 2023 1186 2049 rem
1214 2011 1348 2062 publi-

66 2085 155 2113 cam
173 2086 226 2113 ex
243 2080 372 2125 parva
397 2080 591 2124 magnam
610 2073 772 2114 fecisse.
832 2074 878 2114 Si
904 2074 967 2114 ita
984 2081 1050 2114 res
1070 2079 1191 2124 esset,
1211 2075 1344 2115 multo
1364 2084 1401 2113 19

66 2137 399 2188 pulcherrumam
427 2150 518 2178 eam
546 2144 622 2178 nes
650 2138 918 2178 haberemus:
955 2145 1111 2190 quippe
1141 2139 1343 2178 sociorum
1362 2148 1401 2177 20

65 2204 191 2254 atquc
209 2201 376 2253 civium,
390 2205 607 2254 praeterea
623 2208 830 2242 armerum
852 2206 977 2254 atque
996 2209 1196 2254 equerum
1215 2204 1347 2244 maior
