1488 2436
145 110 200 152 36
531 123 620 155 GAI
650 125 882 157 SALLUSTI
911 126 1069 158 cRIsPI

195 234 319 280 atque
352 231 512 272 laetitia
541 233 663 272 simul
695 241 962 286 occupavere:
996 249 1089 275 nam
1127 237 1357 277 laetabatur
1393 239 1450 276 in-

194 294 392 343 tellegons
437 297 715 336 coniuratione
755 299 966 348 patefacta
1000 300 1210 339 civitatem
1254 302 1447 351 periculis

194 362 374 407 ereptam
411 371 511 408 esse,
543 366 664 410 porro
696 364 832 399 autem
865 362 1011 401 anxius
1042 367 1129 401 erat
1165 363 1371 413 dubitans,
1404 365 1448 402 in

192 426 383 460 maxumo
409 422 559 461 scelere
586 426 712 463 tantis
733 425 891 464 civibus
920 425 1184 475 deprehensis
1202 421 1313 476 'quid
1338 427 1447 466 facto

192 495 292 534 opus
321 489 452 523 esset:
487 498 658 535 poenam
694 487 859 526 illorum
889 488 967 527 sibi
1004 495 1129 537 oneri,
1158 489 1446 539 impunitatem

138 554 156 581 3
191 547 426 596 perdundae
441 555 500 586 rei
514 549 700 599 publicae
714 550 802 588 fore
813 551 1015 590 credebat.
1056 551 1192 601 Igitur
1203 553 1446 592 confirmato

190 610 326 649 animo
353 617 488 649 vocari
514 612 566 650 ad
592 619 680 651 soso
707 612 822 652 iubet
848 614 1081 664 Lentulum,
1103 615 1338 665 Cethegum,
1361 616 1451 654 Stass

189 673 338 722 tilium,
367 675 600 723 Gabinium,
626 676 805 726 itemque
830 670 1071 728 Caeparium
1100 679 1462 728 Tarracinonsems

97 778 142 794 Μ
189 742 261 786 qui
287 737 329 774 in
350 731 544 787 Kpuliam
564 739 616 776 ad
642 739 883 778 concitanda
910 741 1078 779 servitia
1104 741 1306 791 proficisci
1332 748 1445 792 parur

134 807 153 834 4
188 799 269 837 bat.
326 800 461 838 Ceteri
490 801 578 839 sine
602 808 715 840 mora
740 803 923 852 veniunt,
944 804 1179 854 Caeparius,
1201 805 1323 854 paulo
1348 809 1443 843 ante

188 862 307 901 domo
339 869 537 912 egressus,
571 865 734 914 cognito
771 866 946 915 indicio,
970 879 1021 905 ex
1057 868 1154 906 urbe
1192 868 1440 917 profugerat.

187 925 339 964 Consul
367 927 598 976 Lentulum,
619 928 729 978 quod
750 933 912 978 praetor
931 933 1030 978 erat,
1050 930 1138 980 ipse
1157 937 1281 969 manu
1299 934 1441 970 tenens

186 989 388 1037 perducit,
405 989 584 1040 reliquos
603 1003 695 1029 cum
715 992 952 1031 custodibus
971 993 1016 1030 in
1034 993 1174 1031 aedem
1195 994 1441 1033 Concordiae

131 1059 150 1086 5
185 1058 322 1090 venire
342 1052 464 1091 iubet.
520 1054 581 1092 Eo
601 1058 788 1092 senatum
807 1055 980 1094 advocat
1005 1062 1232 1106 magnaque
1255 1057 1442 1106 frequen-

183 1114 243 1152 tia
258 1115 345 1154 eius
361 1116 517 1155 ordinis
532 1117 786 1156 Volturcium
803 1130 894 1156 cum
910 1118 1057 1168 legatis
1078 1119 1313 1168 introducit,
1329 1120 1440 1158 Flac-

184 1190 275 1215 cum
308 1182 537 1228 praetorem
571 1180 764 1231 schum
798 1193 890 1219 cum
921 1180 1084 1231 litteris,
1111 1188 1212 1232 quas
1237 1187 1262 1221 a
1293 1182 1439 1231 legatis
1471 1178 1486 1186 ⁷*

183 1245 405 1291 acceperat,
426 1242 564 1280 eodem
587 1243 748 1282 adferre
766 1244 890 1282 iubet.

135 1359 239 1393 Their
255 1360 486 1395 examinatiore,
503 1361 617 1406 before
635 1362 687 1396 the
702 1362 837 1396 Senate.
891 1362 1084 1407 Testimony
1096 1363 1142 1408 of
1156 1363 1352 1399 Volturcius
1367 1365 1440 1398 and

163 1417 215 1450 the
233 1417 459 1463 Allobroyian
476 1429 608 1463 envoys.
662 1418 734 1453 The
751 1419 982 1464 conspirators
997 1420 1188 1454 committed
1203 1426 1235 1455 to
1251 1422 1402 1466 custody.

231 1496 407 1535 XLVII.
446 1497 686 1537 Volturcius
705 1485 980 1548 interrogatus
1000 1499 1050 1537 do
1074 1498 1236 1548 itinere,
1257 1499 1307 1538 de
1330 1499 1437 1538 litte·

179 1565 248 1608 ris,
269 1563 474 1609 postremo
494 1560 594 1610 quid
614 1564 686 1599 aut
708 1567 789 1610 qua
814 1561 865 1599 do
889 1568 1013 1600 causa
1037 1561 1183 1601 consili
1209 1562 1435 1612 habuisset,
1465 1607 1468 1609 ,

179 1629 311 1672 primo
338 1622 490 1672 fingere
520 1623 611 1672 alia,
637 1623 896 1663 dissimulare
925 1625 975 1663 de
998 1625 1298 1664 coniuratione:
1329 1630 1433 1676 post,

178 1686 248 1724 ubi
267 1685 348 1724 fido
363 1686 527 1736 publica
542 1687 677 1725 dicere
691 1687 828 1726 iussus
843 1691 927 1737 est,
934 1687 1082 1737 omnia,
1098 1692 1163 1727 uti
1177 1692 1292 1737 gesta
1306 1694 1433 1738 erant,

178 1749 321 1799 aperit,
356 1749 553 1799 docetque
587 1757 629 1788 so
661 1757 803 1800 paucis
835 1754 929 1789 ante
961 1751 1104 1790 diebus
1135 1757 1159 1789 a
1191 1751 1367 1790 Gabinio
1393 1755 1434 1790 et

179 1811 374 1862 Caepario
412 1812 566 1850 socium
598 1813 799 1852 adscitum
832 1813 938 1851 nihil
971 1813 1146 1864 amplius
1178 1820 1279 1853 scire
1310 1827 1432 1864 quam

176 1875 353 1924 logatos3
393 1879 555 1914 tantum
586 1877 706 1915 modo
733 1877 875 1915 audire
904 1877 1070 1926 solitum
1099 1890 1150 1915 ex
1179 1877 1355 1916 Gabinio
1384 1878 1429 1915 P.

176 1937 435 1988 Autronium,
458 1938 540 1977 Ser.
566 1939 736 1989 Sullam,
757 1940 802 1978 L.
823 1940 1131 1990 Vargunteium,
1152 1940 1302 1979 multos
1322 1953 1432 1990 prae-

123 2008 141 2037 2
174 2004 287 2040 terea
312 2002 356 2039 in
383 2008 431 2040 ea
458 2002 738 2042 coniuratione
765 2015 867 2042 esse„
919 2003 1074 2042 Eadem
1103 2002 1216 2042 Galli
1247 2004 1431 2042 fatentur

176 2077 221 2103 ac
241 2065 463 2103 Lentulum
484 2065 812 2105 dissimulantem
831 2070 1056 2115 coarguunt
1083 2069 1245 2116 praeter
1267 2066 1430 2106 litteras

176 2127 442 2177 sermonibus,
470 2134 572 2178 quos
604 2129 676 2167 ille
711 2129 861 2181 habore
897 2129 1044 2168 solitus
1079 2132 1188 2175 erat:
1227 2141 1278 2167 ex
1313 2128 1429 2169 libris

176 2190 394 2243 Sibyllinis
421 2197 591 2242 regumn
627 2191 784 2232 Romae
800 2191 952 2232 tribus
983 2191 1185 2232 Corneliis
1214 2193 1428 2243 portendiz
