1488 2436
480 81 682 113 BELLUM
710 79 998 114 CATILINAE.
1355 68 1409 111 51

78 209 169 237 rum
187 195 374 235 intentus
394 205 469 235 sua
485 192 715 244 neglegere,
737 192 846 233 nihil
875 193 1080 242 denegare
1108 191 1221 243 quod
1249 191 1359 231 dene

78 261 248 311 dignum
286 262 416 300 esset:
466 257 548 298 sibi
593 264 791 309 magnum
837 257 1073 309 imperium,
1114 256 1357 306 exercitum,

77 325 232 366 bellum
251 336 401 364 novom
419 323 656 374 exoptabat,
677 322 751 362 ubi
779 322 915 362 virttis
943 322 1172 361 enitescere
1202 324 1356 372 posset.

79 390 138 429 At
175 389 323 429 Catoni
359 387 546 428 studium
578 387 820 437 modestiae,
850 386 1022 436 decoris,
1053 387 1126 426 sed
1165 391 1360 425 maxume
1393 393 1414 424 5

79 453 313 494 severitatis
333 457 446 493 erat:
477 452 744 508 nensdivitiis
764 465 858 492 cum
874 452 1006 491 divite
1021 464 1156 502 neque
1174 451 1359 490 factiene

79 531 172 559 cum
199 518 389 568 factiese,
420 518 494 558 sed
522 530 616 557 cum
646 521 817 557 strenue
844 517 1015 566 virtute,
1045 528 1139 555 cum
1171 515 1359 555 modeste

78 584 246 636 pudere,
267 595 361 622 cum
378 582 598 622 innocente
618 582 874 622 abstinentia
892 581 1100 631 certabat3
1124 592 1214 620 esse
1234 592 1359 631 quam

79 647 222 698 videri,
241 647 374 687 bonus
393 647 595 687 malebat:
626 646 698 697 ita,
718 649 801 698 ‘quo
820 646 960 686 minus
979 645 1150 697 petebat
1169 643 1358 695 gleriam,

79 718 128 752 ee
145 712 276 763 magis
294 710 417 751 illum
436 711 695 763 sequebatur.

175 813 300 849 Cicero
316 813 436 849 orders
452 814 506 848 the
522 813 718 848 immediate
735 812 916 848 execution
932 811 979 859 os
993 812 1047 847 the
1064 811 1311 858 conspirators.

132 886 219 927 LV.
255 887 496 938 Postquam,
526 890 575 925 ut
602 886 705 935 dixi,
727 890 897 925 senatus
925 885 972 924 in
999 885 1170 926 Catenis
1199 889 1361 925 senten-

79 950 182 991 tiam
210 951 414 1001 discessit,
443 950 601 1000 censul,
632 954 851 1002 optumum
887 950 1006 989 factu
1041 953 1158 990 ratus
1195 953 1361 989 noctem

80 1028 185 1067 quae
209 1007 393 1055 instabat
420 1019 677 1066 antecapere,
697 1021 750 1054 ne
770 1014 873 1066 quid
892 1021 940 1054 ee
967 1014 1104 1065 spatie
1122 1018 1360 1064 novaretur,

80 1080 290 1130 tresvires,
320 1092 426 1131 quae
464 1079 718 1131 supplicium
754 1079 1007 1131 postulabat,
1036 1085 1184 1130 parere
1221 1078 1359 1129 iubet3

81 1144 181 1196 ipse,
210 1144 431 1196 praesidiis
460 1143 688 1195 dispositis,
718 1143 946 1183 Lentulum
983 1144 1029 1183 in
1061 1157 1268 1184 carcerem
1296 1145 1364 1184 de·
1396 1151 1417 1182 2

81 1208 217 1259 ducit3
246 1209 359 1249 idem
388 1208 437 1247 fit
464 1212 613 1248 ceteris
642 1221 716 1260 per
743 1212 968 1260 praeteres.
1025 1209 1106 1248 Est
1129 1209 1175 1248 in
1200 1221 1362 1249 carcere
1396 1216 1417 1246 3

80 1272 206 1322 locus,
222 1273 334 1324 quod
348 1272 589 1312 Tullianum
609 1272 857 1324 appellatur,
873 1273 946 1313 ubi
961 1273 1180 1325 paululum
1196 1274 1363 1314 adscen-

81 1337 192 1377 deris
211 1338 264 1377 ad
283 1337 457 1387 laevam,
477 1338 643 1377 circiter
665 1338 884 1377 duodecim
907 1338 1034 1389 pedes
1055 1338 1175 1378 humi
1199 1339 1364 1390 depres-

81 1414 162 1442 sus.
217 1402 325 1441 Eum
362 1402 558 1441 muniunt
593 1402 779 1453 undique
815 1402 998 1454 parietes
1030 1407 1156 1454 atque
1188 1410 1361 1455 insuper
1396 1412 1417 1441 4

81 1478 242 1506 camera
271 1466 450 1518 lapideis
487 1466 719 1506 fornicibus
752 1467 906 1517 iuncta,
941 1467 1015 1507 sed
1043 1467 1218 1518 incultu,
1251 1472 1363 1508 tene-

81 1530 178 1580 bris,
206 1531 331 1570 odere
358 1531 483 1571 foeda
509 1535 635 1582 atque
663 1531 864 1571 terribilis
898 1531 988 1572 eius
1016 1532 1147 1572 facies
1175 1537 1250 1572 est.
1307 1534 1362 1572 In
1396 1541 1416 1571 5

82 1607 175 1634 eum
197 1595 334 1634 locum
358 1599 580 1647 postquam
606 1596 813 1636 demissus
839 1600 904 1636 est
929 1597 1147 1647 Lentulus,
1173 1597 1361 1638 vindices

80 1665 217 1698 rerum
235 1659 478 1711 capitalium
493 1660 643 1711 quibus
658 1664 924 1712 praeceptum
939 1665 1040 1711 erat,
1057 1661 1206 1713 laqueo
1221 1662 1361 1712 gulam

80 1723 250 1775 fregere.
307 1725 377 1764 Ita
400 1724 474 1764 ille
498 1725 699 1776 patricius
724 1737 776 1764 ex
802 1729 924 1776 gente
949 1725 1196 1766 clarissuma
1214 1727 1362 1767 Corne·
1396 1736 1416 1765 6

80 1787 242 1839 liorum,
271 1795 344 1840 qui
371 1789 587 1829 censulare
615 1789 839 1841 imperium
867 1790 1025 1830 Romae
1058 1791 1273 1841 habuerat,
1303 1793 1363 1831 di-

81 1864 205 1902 gnum
224 1853 408 1894 meribus
427 1854 635 1905 factisque
650 1861 738 1894 suis
753 1854 931 1894 exitium
946 1859 1059 1895 vitae
1075 1855 1248 1895 invenit.
1298 1857 1361 1895 De

81 1916 274 1968 Cetheg6‚
300 1917 480 1968 Statilio,
505 1918 699 1969 GabInie‚
724 1919 926 1971 Caeparie
952 1920 1098 1960 eedem
1122 1920 1244 1960 mode
1269 1933 1362 1972 sup-

81 1980 251 2032 plicium
269 1986 481 2034 sumptum
501 1986 575 2023 est.

350 2083 569 2117 LV1.-LXI.
619 2084 701 2117 Tmz
726 2084 824 2118 wia
846 2094 887 2118 m
909 2095 982 2118 rm:
1006 2086 1141 2119 ann.

84 2146 245 2192 Catilina,
262 2149 393 2196 having]
409 2150 600 2196 oryam'zed
617 2150 671 2185 his
687 2151 821 2196 forces,
839 2152 994 2186 marches
1014 2153 1088 2186 and
1104 2153 1413 2196 countermarches,

430 2207 600 2254 awaitinq
615 2208 865 2254 development-3
883 2209 920 2243 in
936 2209 1058 2244 Rome.
