1488 2436
147 121 173 160 2
530 129 619 162 GAI
649 130 879 161 sALLth'ri
909 131 1065 161 cmsm

145 247 164 277 4
197 238 361 289 longam
376 239 541 278 efficere.
599 240 705 278 Nam
721 239 959 278 divitiarum
975 244 1016 278 et
1030 240 1185 279 formae
1201 240 1331 289 gleria
1343 240 1455 281 fluxa

199 305 322 352 atque
342 302 505 351 fragilis
525 306 598 351 est,
620 302 751 341 virtus
771 303 880 342 clera
899 306 1144 353 aeternaque
1163 303 1347 343 habetur.

145 372 165 401 5
251 364 331 403 Sed
355 365 426 402 diu
452 371 642 413 magnum
666 365 773 405 inter
798 365 982 404 mortalis
1009 369 1214 405 certamen
1241 366 1334 416 fuit,
1360 373 1456 407 vine

199 428 378 478 corporis
394 440 446 466 an
460 428 613 466 virtute
629 428 756 466 animi
775 434 838 467 res
854 429 1046 468 militaris
1062 430 1191 479 magis
1207 430 1454 480 precederet.

146 498 165 528 6
199 490 307 529 Nam
336 494 378 529 et
404 491 517 540 prius
546 503 668 540 quam
689 491 862 541 incipias
890 492 1078 531 censulte
1107 497 1148 531 et
1175 493 1245 532 ubi
1273 493 1456 532 consulu-

146 561 164 592 7
198 554 288 602 eris,
310 557 467 592 mature
487 554 599 592 facte
618 566 718 604 opus
739 558 811 592 est.
869 555 937 594 Ita
957 559 1173 606 utrumque
1193 568 1265 606 per
1284 563 1327 596 se
1354 556 1456 595 indi-

200 623 298 667 gens
318 617 492 655 alterum
512 617 682 656 alterius
703 617 859 656 auxilie
878 622 980 667 eget.

150 712 291 756 History
310 724 433 757 proves
458 713 528 746 that
551 724 684 747 success
709 713 746 747 in
771 725 844 747 war
866 715 1019 758 depends
1043 715 1170 760 chiefly
1191 727 1234 749 on
1254 715 1381 749 mental
1404 726 1457 749 ex-

193 770 349 803 cellence.
399 770 524 811 Peace,
548 770 654 804 which
681 771 759 804 does
784 776 839 804 not
863 770 908 815 of
928 771 1090 815 necessity
1114 772 1182 806 call
1206 772 1275 806 into
1292 772 1380 816 play
1404 773 1457 806 tlte

192 837 283 860 same
316 827 442 860 mental
467 827 665 868 excellence,
692 827 786 871 often
812 828 906 861 leads
941 833 972 861 to
997 828 1185 869 indolence,
1211 828 1347 872 luxury,
1386 829 1458 862 and

188 883 303 927 pride,
321 884 395 917 and
408 883 541 927 finally
562 889 593 917 to
611 884 661 917 the
682 884 848 928 doumfall
868 884 913 928 of
929 885 982 918 the
999 885 1200 929 deyenerate
1220 886 1292 919 and
1313 886 1366 919 the
1389 885 1458 919 rise

194 940 238 984 of
262 941 314 973 the
344 941 409 973 best
441 952 527 974 men.
583 940 653 974 The
681 940 863 974 sensuali-st
891 940 921 974 is
942 941 1153 986 practically
1181 942 1272 975 dead
1278 953 1292 983 ‚·
1319 942 1360 976 he
1384 942 1458 976 who

193 997 294 1042 yains
319 997 419 1041 fame
451 997 493 1041 by
516 997 569 1031 his
594 997 838 1031 achievements
863 1009 901 1031 or
924 997 976 1031 his
1000 998 1122 1040 merits,
1145 998 1255 1042 really
1279 998 1361 1032 lives
1385 999 1458 1033 and

195 1055 314 1098 enjoys
331 1054 404 1099 life.

253 1125 310 1163 II.
350 1125 485 1174 Igitur
505 1124 626 1163 initie
646 1131 761 1174 reges
778 1148 818 1154 -
838 1137 932 1163 nam
951 1124 995 1163 in
1006 1129 1126 1164 terris
1145 1132 1292 1169 nemen
1311 1125 1459 1177 imperi

201 1188 244 1226 id
276 1195 455 1238 primum
484 1188 568 1226 fuit
587 1212 626 1217 —
645 1188 800 1226 divorsi
829 1200 923 1238 pars
954 1188 1177 1238 ingenium,
1208 1189 1281 1228 alii
1311 1202 1458 1240 corpus

202 1252 467 1294 exercebant:
498 1251 622 1290 etiam
649 1255 738 1289 tum
765 1255 854 1289 vita
879 1250 1089 1290 heminum
1117 1252 1205 1291 sine
1233 1252 1458 1302 cupiditate

149 1321 169 1350 2
202 1314 446 1363 agitabatur,
479 1326 552 1353 sua
583 1320 729 1364 cuique
760 1314 861 1353 satis
890 1314 1115 1364 placebant.
1181 1316 1331 1354 Postea
1361 1322 1459 1355 vere

202 1389 324 1427 quam
365 1378 409 1415 in
445 1377 549 1416 Asia
587 1377 730 1427 Cyrus,
768 1377 813 1414 in
849 1377 1021 1416 Graecia
1060 1369 1373 1416 Lacedaemonii
1417 1381 1459 1417 et

202 1440 477 1479 Athenienses
511 1447 675 1490 coepere
712 1440 825 1478 urbis
871 1443 993 1490 atque
1029 1441 1216 1479 netienes
1258 1441 1457 1491 subigere,

202 1503 427 1542 lubidinem
456 1503 695 1542 dominandi
721 1515 884 1542 causam
911 1503 1012 1542 belli
1037 1503 1196 1553 habere,
1225 1500 1458 1543 maxumam

203 1566 375 1615 gleriam
402 1566 445 1604 in
463 1572 654 1605 maxume
681 1566 852 1616 imperis)
879 1569 1036 1616 putere,
1055 1570 1143 1605 tum
1172 1567 1331 1605 demum
1356 1573 1458 1617 peri-

202 1630 293 1668 cule
318 1633 443 1679 atque
462 1629 638 1678 negetiis
666 1633 917 1679 compertum
936 1633 999 1668 est
1026 1630 1070 1667 in
1089 1629 1197 1669 belle
1223 1630 1457 1680 plurumum

149 1700 168 1729 3
202 1693 412 1742 ingenium
440 1704 573 1742 posse.
630 1692 746 1738 Quod
777 1698 812 1731 si
841 1698 981 1741 regum
1010 1696 1133 1742 atque
1165 1693 1456 1743 imperatorum

203 1756 330 1795 animi
349 1756 482 1794 virtus
501 1755 545 1793 in
564 1761 663 1805 pace
682 1755 743 1794 ita
761 1758 808 1793 ut
826 1755 870 1793 in
888 1754 996 1794 belle
1016 1755 1181 1804 valeret,
1202 1756 1457 1806 aequabilius

203 1823 324 1869 atque
354 1818 609 1857 censtantius
638 1824 725 1857 sese
758 1825 821 1857 res
853 1818 1054 1857 humanae
1072 1818 1292 1868 haberent,
1325 1831 1457 1870 neque

203 1882 315 1921 aliud
334 1882 415 1920 alie
430 1882 532 1920 ferri
550 1893 683 1931 neque
698 1885 850 1919 mutari
868 1893 913 1919 ac
928 1887 1090 1920 misceri
1108 1882 1244 1920 omnia
1258 1889 1455 1922 cerneres.

149 1954 168 1983 4
200 1946 309 1984 Nam
337 1945 554 1995 imperium
573 1943 696 1983 facile
724 1950 783 1983 eis
808 1944 964 1983 artibus
992 1944 1204 1993 retinetur,
1224 1945 1372 1995 quibus
1399 1945 1458 1983 in-

148 2016 168 2046 5
202 2008 276 2047 itie
305 2012 469 2058 partum
497 2011 570 2047 est.
627 2008 780 2047 Verum
809 2007 881 2046 ubi
910 2013 983 2057 pre
1014 2007 1151 2046 labere
1179 2007 1348 2056 desidia,
1382 2014 1457 2058 pre

201 2071 453 2110 continentie
467 2074 508 2109 et
526 2071 734 2121 aequitate
753 2070 894 2109 lubide
913 2074 1036 2120 atque
1052 2070 1241 2121 superbia
1258 2071 1457 2120 invasere,

149 2143 169 2173 6
202 2135 369 2173 fortuna
387 2134 508 2173 simul
529 2146 621 2172 cum
640 2134 820 2176 metibus
839 2133 1090 2185 immutetur.
1146 2134 1214 2172 Ita
1241 2133 1453 2184 imperium

203 2209 361 2248 semper
374 2197 426 2236 ad.
441 2200 651 2248 optumum
668 2208 869 2248 quemque
887 2201 912 2235 a
922 2196 1058 2236 minus
1075 2196 1180 2237 bone>
1198 2197 1456 2254 transfertur.

972 2287 1002 2300 χ
