1488 2436
438 109 638 143 BELLUM
667 108 954 142 cAtrmmAn.
1311 97 1366 139 33

37 226 219 269 studium
247 223 360 274 belli,
393 229 544 274 magna
578 228 734 263 merces
772 222 817 261 in
849 228 922 273 spe
950 221 1161 271 victoriae,
1193 226 1236 260 at
1268 221 1313 259 in

37 292 167 332 altera
184 290 360 330 maiores
379 294 489 340 opes,
508 291 602 327 tuta
619 287 806 336 consilia,
828 293 903 338 pro
926 286 1087 325 incerte
1107 283 1180 336 spe
1200 290 1314 324 certa

33 355 229 409 praemia.
284 354 400 393 Haec
429 353 515 392 illis
535 341 811 400 volventibus,
831 351 1000 390 tandem
1015 351 1124 389 ‘vicit
1143 352 1315 389 fortuna
1349 358 1368 386 3

37 426 98 460 rei
115 419 314 471 publicae.
370 418 518 468 Itaque
538 417 584 463 Q.
605 416 735 456 Fabio
751 415 1061 465 Sangaegcfiius
1082 415 1319 466 patrocinio
1348 423 1368 452 4

37 485 184 525 civitas
209 483 446 535 plurumum
471 481 678 531 utebatur3
706 493 793 519 rem
821 492 996 529 omnem,
1024 484 1088 518 uti
1117 486 1314 529 cognove-

37 552 158 598 rant,-·
176 547 379 602 aperiunt.
434 546 589 594 Cicero,
614 557 687 596 per
718 545 897 594 Sangam
929 544 1105 583 consilio
1134 544 1312 593 cognito,
1349 553 1368 582 5

38 613 186 664 legatis
205 611 427 664 praecepit,
446 615 495 649 ut
520 610 705 650 studium
725 609 1021 648 coniurationis
1047 609 1314 656 vehementer

38 677 246 726 simulent,
280 680 438 715 ceteros
475 675 640 724 adeant,
671 675 775 714 bene
812 673 1100 725 polliceantur,
1131 674 1314 724 dentque

38 753 203 794 operam
221 744 286 780 uti
304 746 373 780 eos
392 752 517 792 quam
537 745 728 778 maxume
747 739 1010 778 manufestos
1026 738 1222 778 habeant.

40 859 288 895 Disturbances
319 858 357 893 in
389 858 486 893 Gaul
517 858 591 891 and
623 857 730 902 Italy.
783 856 1028 901 Conspirators
1055 857 1212 891 arrested
1244 857 1287 902 by
1323 856 1366 897 Q.

436 915 602 950 Metellus
626 915 700 949 and
729 914 773 949 C.
800 914 968 949 ssIurena.

92 998 232 1042 XLII.
270 1001 439 1041 Eisdem
467 1001 556 1040 fere
588 999 844 1051 temporibus
875 999 920 1038 in
950 1000 1092 1039 Gallia
1123 999 1314 1039 citeriore

40 1070 164 1118 atque
194 1065 401 1115 ulteriore,
427 1065 529 1104 item
557 1064 603 1103 in
635 1071 734 1114 agro
763 1065 930 1114 Piceno,
953 1064 1132 1113 Bruttio,
1160 1059 1317 1116 Kpulia

39 1135 174 1171 motus
193 1134 292 1175 erat.
347 1130 541 1180 Namque
555 1129 635 1179 illi,'
649 1134 754 1179 quos
773 1133 870 1168 ante
885 1128 1066 1169 Catilina
1085 1130 1324 1179 dimiserat,-
1348 1138 1368 1167 2

39 1194 270 1235 inconsulte
296 1205 342 1233 ac
368 1194 502 1232 veluti
523 1205 596 1244 per
619 1191 871 1232 dementiam
897 1197 1047 1232 cuncta
1070 1194 1195 1233 simul
1226 1195 1316 1244 age-

38 1259 160 1309 bant3
188 1262 404 1298 nocturnis
428 1257 627 1307 consiliis,
649 1264 856 1297 armorum
877 1261 1002 1309 atque
1027 1257 1207 1298 telorum
1226 1271 1316 1310 por-

38 1324 276 1372 tationibus‚
290 1323 540 1371 festinando,
553 1322 748 1372 agitando
757 1322 896 1361 omnia
907 1322 1002 1374 plus
1014 1322 1176 1362 timoris
1191 1336 1322 1374 quam·

38 1387 212 1439 periculi
230 1387 463 1427 effecerant.
519 1387 584 1425 Ex
604 1392 652 1425 eo
671 1386 844 1426 nu‘mero
863 1387 1088 1438 compluris
1108 1387 1155 1433 Q.
1172 1388 1318 1426 Metel·
1351 1395 1370 1424 3

37 1450 103 1492 lus
122 1451 240 1492 Celer
259 1455 423 1503 praetor
442 1463 494 1490 ex
514 1454 682 1491 senatus
702 1450 905 1500 consulto,
926 1457 1052 1491 causa
1070 1451 1248 1502 cognita,
1268 1452 1314 1491 in

38 1515 204 1555 vincula
230 1516 471 1565 coniecerat,
492 1515 593 1554 item
622 1516 667 1554 in
690 1515 880 1555 citeriore
901 1515 1041 1556 Gallia
1060 1516 1105 1556 C.
1126 1516 1313 1567 Murena,

39 1585 110 1632 qui
128 1584 167 1620 ei
184 1580 420 1632 provinciae
439 1580 602 1630 legatus
621 1583 822 1632 praeerat.

39 1697 90 1732 At
116 1697 226 1733 Rome
249 1698 417 1734 Lentulus
439 1699 587 1734 resolves
611 1704 644 1733 to
668 1698 825 1743 impeach
854 1698 990 1741 Cicero,
1017 1705 1049 1734 to
1072 1705 1123 1734 set
1147 1701 1201 1734 the
1229 1701 1300 1745 city
1325 1713 1382 1735 οη-

75 1756 159 1801 fire,
192 1757 264 1790 and
295 1762 328 1791 to
359 1758 500 1791 murder
530 1757 585 1791 the
612 1757 734 1791 consul
766 1757 840 1791 and
872 1758 967 1791 otker
988 1756 1188 1802 prominenl
1216 1759 1367 1793 citizens.

87 1812 254 1860 Cellaequls
278 1815 422 1860 charqes
446 1815 500 1849 his
523 1815 764 1861 consederates
781 1815 861 1850 with
877 1815 979 1861 faint
1003 1816 1234 1851 hearteclness.

90 1898 251 1939 XLIII.
305 1899 366 1939 At
389 1901 547 1940 Romae
567 1901 892 1940 Lentulus‘cum
919 1905 1083 1951 ceteris,
1105 1908 1178 1952 qui
1189 1894 1317 1954 'prin-

39 1962 148 2014 cipes
176 1963 472 2005 coniurationis
498 1969 628 2015 erant,
649 1970 809 2016 paratis
826 1970 874 2005 ut
901 1966 1127 2005 videbatur-⁴
1151 1974 1315 2017 magnis

38 2027 178 2079 copiis,
197 2024 607 2079 constituerantjuti,
627 2042 723 2069 cum
748 2029 939 2070 Catilina
959 2043 1012 2070 ex
1039 2038 1139 2081 agro
1167 2032 1316 2077 Faesu-

39 2090 134 2132 lano
160 2104 253 2132 cum
279 2093 465 2132 exercitu
495 2094 690 2144 venisset,
712 2095 759 2133 L.
781 2095 925 2134 Bestia
951 2090 1146 2148 tribunus
1166 2096 1315 2147 plebis,

39 2155 228 2196 contione
262 2156 417 2207 habita,
455 2162 697 2208 quereretur
731 2152 785 2197 de
831 2159 1066 2199 actionibus
1102 2160 1316 2201 Ciceronis

39 2217 218 2272 bellique
241 2221 491 2272 gravissumi
516 2220 720 2262 invidiam
748 2226 920 2274 optumo
944 2224 1108 2264 consuli
1132 2224 1317 2277 impone-
