1488 2436
452 100 652 133 BELLUM
682 98 969 131 CATILINAE.
1325 82 1382 127 15

52 218 141 256 erat
184 212 443 254 censulatum
488 215 641 264 petere,
680 210 791 262 quod
830 209 943 249 intra
979 208 1201 259 legitumos
1240 206 1330 247 dies

52 279 236 333 profiteri
267 281 522 329 nequiverat.
577 277 681 315 Erat
710 275 855 315 eodem
884 278 1072 326 tempore
1104 273 1178 313 Cn.
1216 273 1329 322 Piso,
1364 279 1385 309 4

53 344 292 384 adulescens
319 342 485 391 nobilis,
510 353 694 381 summae
723 339 932 388 audaciae,
954 345 1090 389 egens,
1112 337 1328 386 factiosus,

53 421 174 461 quem
209 408 262 447 ad
297 406 620 458 perturbandam
658 418 744 444 rem
781 404 992 456 publicam
1030 402 1173 454 inopia
1204 406 1329 453 atque

52 472 153 513 mali
179 478 311 511 meres
338 471 622 511 stimulabant.
678 470 780 510 Cum
811 469 888 508 hec
913 467 1097 508 Catilina
1115 471 1158 506 et
1181 466 1332 506 Autro—
1364 474 1385 503 5

52 538 145 577 nius
178 537 339 576 circiter
368 537 513 575 Nenas
546 535 788 574 Decembris
819 533 994 573 consili&
1026 531 1330 572 communicate

53 602 262 654 parabant
281 601 322 639 in
344 600 552 652 Capitolio
572 600 778 639 Kalendis
798 598 1007 638 Ianuariis
1034 598 1080 636 L.
1102 597 1268 637 Cottam
1288 600 1331 636 et

53 667 99 706 L.
130 667 386 716 Torquatum
419 665 608 704 consules
642 663 886 713 interficere,
916 663 1001 714 ipsi
1033 662 1218 702 fascibus
1247 674 1330 700 cor-

53 734 193 782 reptis,
204 732 399 770 Pisenem
415 742 506 768 cum
523 729 708 768 exercitu
723 729 776 768 ad
796 728 1043 768 obtinendas
1059 728 1162 766 duas
1179 726 1331 777 Hispa-

52 795 143 834 nias
162 794 339 834 mittere.
394 795 456 833 Ea
484 800 527 832 re
546 794 723 844 cognita,
744 799 886 832 rursus
915 793 960 831 in
981 793 1126 831 Nonas
1154 791 1332 830 Februa
1364 799 1385 828 6

52 860 135 899 rias
172 859 390 898 oensilium
429 858 565 898 caedis
602 858 916 897 transtulerant.
990 857 1082 895 Iam
1119 859 1209 895 tum
1246 862 1330 895 non
1365 857 1383 887 7

53 923 290 963 censulibus
317 923 450 972 modo,
478 923 551 962 sed
577 922 786 973 plerisque
815 921 1075 961 senateribus
1104 920 1330 972 perniciem

53 988 407 1027 machinabantur.
464 987 581 1033 Quod
598 993 642 1025 ni
657 986 840 1026 Catilina
854 989 1104 1025 maturasset
1122 992 1198 1036 pro
1213 984 1330 1024 curia
1365 991 1385 1022 8

53 1058 216 1102 signum
232 1052 353 1091 sociis
369 1052 478 1100 dare,
495 1058 543 1090 ee
558 1052 625 1090 die
645 1055 740 1102 post
759 1051 967 1090 conditam
988 1050 1132 1089 urbem
1151 1051 1330 1089 Remam

51 1128 288 1167 pessumum
309 1116 471 1155 facinus
499 1119 709 1166 patratum
736 1115 856 1154 foret.
912 1115 1021 1161 Quia
1047 1115 1234 1154 nondum
1252 1114 1332 1153 fre-

0 1197 7 1212 ·
51 1184 224 1231 quentes
243 1184 394 1219 armati
412 1183 702 1229 convenerant,
723 1192 771 1219 ea
789 1186 855 1219 res
874 1179 1094 1219 consilium
1116 1178 1296 1218 diremit.

0 1321 7 1332 .
50 1297 137 1333 Piso
164 1304 237 1332 sent
265 1304 297 1333 to
327 1297 441 1343 Spain
473 1309 513 1332 as
542 1310 565 1332 a
594 1298 832 1343 councerpoise
862 1304 894 1332 to
927 1298 1113 1343 Pompey's
1133 1308 1263 1343 power.
1312 1297 1384 1332 His

651 1356 765 1390 death.

101 1437 221 1476 XIX.
259 1437 410 1476 Postea
428 1437 527 1476 Pise
545 1436 590 1475 in
610 1436 843 1476 citerierem
862 1436 1114 1488 Hispaniam
1135 1440 1330 1488 quaestor

0 1461 124 1552 Vpre
154 1504 343 1552 praetere
370 1501 522 1540 missus
556 1504 620 1540 est
648 1501 863 1540 adnitente
897 1501 1057 1550 Crasse,
1089 1501 1202 1552 quod
1234 1514 1328 1540 eum

0 1561 6 1584 ¹
49 1565 248 1605 infestum
280 1565 494 1604 inimicum
525 1566 598 1606 Cn.
630 1566 830 1616 Pompeio
858 1569 1119 1616 cognoverat.
1177 1566 1327 1617 Neque
1363 1574 1383 1604 2

0 1601 23 1642 ι
37 1632 187 1674 ‚tamen
222 1633 391 1670 senatus
429 1629 687 1681 provinciam
732 1630 891 1670 invitus
928 1630 1122 1669 dederat:
1171 1637 1328 1682 quippe

0 1674 28 1708 ι’
48 1693 214 1732 foedum
252 1694 461 1733 hominem
498 1700 524 1734 a
555 1701 600 1733 re
633 1694 801 1745 publica
837 1695 981 1746 procul
1019 1707 1110 1734 esse
1144 1695 1326 1745 volebat,

0 1773 24 1859 μ
49 1757 170 1798 simu]
193 1758 292 1810 quia
316 1759 413 1798 boni
436 1759 669 1810 complures
690 1759 945 1810 praesidium
971 1759 1016 1798 in
1035 1766 1083 1799 ee
1109 1760 1325 1811 putabant,

48 1826 90 1862 et
114 1822 195 1862 iam
214 1827 300 1862 tum
323 1824 512 1874 potentia
530 1825 705 1876 Pompei
733 1824 1011 1864 formidulosa
1030 1829 1129 1864 erat.
1189 1825 1271 1864 Sed
1290 1825 1327 1865 is
1362 1833 1381 1863 3

1 1910 6 1926 ι
48 1887 146 1927 Pise
165 1887 209 1926 in
234 1889 449 1939 previncia
467 1889 518 1928 ab
538 1889 749 1939 equitibus
775 1889 994 1940 Hispanis,
1015 1896 1118 1940 quos
1146 1889 1192 1928 in
1216 1902 1327 1929 exer-

0 1951 134 1994 Ncitu
161 1952 369 2002 ductabat,
398 1952 478 1992 iter
506 1953 666 1993 faciens
700 1959 859 1993 occisus
890 1957 963 1993 est.
1025 1954 1133 1993 Sunt
1166 1961 1239 2005 qui
1267 1955 1328 1994 ita
1361 1963 1381 1992 4

47 2015 198 2066 dicant,
218 2016 394 2068 imperia
412 2017 501 2057 eius
521 2017 691 2067 iniusta,
713 2018 903 2069 superba,
924 2018 1111 2058 crudelia
1129 2018 1325 2059 barbaros

0 2071 281 2164 {nequivisse
308 2085 419 2132 pati;
449 2081 524 2121 alii
551 2086 690 2121 autem
719 2082 881 2134 equites
910 2083 1019 2133 illos,
1047 2083 1121 2123 Cn.
1151 2084 1327 2135 Pompei
1362 2093 1380 2121 5

14 2147 205 2197 ‘qveteres
234 2145 427 2197 fidosque
456 2146 634 2196 clientis,
664 2146 883 2186 voluntate
913 2148 1002 2187 eius
1031 2148 1229 2187 Pisenem
1258 2149 1327 2187 ad-

0 2193 229 2259 Wgresses:
266 2222 494 2262 numquam
531 2210 748 2263 Hispanos
786 2215 1002 2264 praeterea
1038 2211 1124 2252 tale
1161 2211 1326 2254 facinus
