<?xml version="1.0" encoding="UTF-8"?>
<!DOCTYPE html PUBLIC "-//W3C//DTD XHTML 1.0 Transitional//EN"
    "http://www.w3.org/TR/xhtml1/DTD/xhtml1-transitional.dtd">
<html xmlns="http://www.w3.org/1999/xhtml" xml:lang="en" lang="en">
 <head>
  <title>
</title>
<meta http-equiv="Content-Type" content="text/html;charset=utf-8" />
  <meta name='ocr-system' content='tesseract 3.04.00' />
  <meta name='ocr-capabilities' content='ocr_page ocr_carea ocr_par ocr_line ocrx_word'/>
</head>
<body>
  <div class='ocr_page' id='page_1' title='image "bellumcatilinaee00salluoft_0063.png"; bbox 0 0 1488 2436; ppageno 0'>
   <div class='ocr_carea' id='block_1_1' title="bbox 474 79 1411 124">
    <p class='ocr_par' dir='ltr' id='par_1_1' title="bbox 474 79 1411 124">
     <span class='ocr_line' id='line_1_1' title="bbox 474 79 1411 124; baseline -0.003 0"><span class='ocrx_word' id='word_1_1' title='bbox 474 92 674 124; x_wconf 79' lang='lat' dir='ltr'><strong>BELLUM</strong></span> <span class='ocrx_word' id='word_1_2' title='bbox 705 90 993 123; x_wconf 73' lang='lat' dir='ltr'>CATILINAE.</span> <span class='ocrx_word' id='word_1_3' title='bbox 1352 79 1411 121; x_wconf 85' lang='lat'>39</span> 
     </span>
    </p>
   </div>
   <div class='ocr_carea' id='block_1_2' title="bbox 74 201 1412 1097">
    <p class='ocr_par' dir='ltr' id='par_1_2' title="bbox 74 201 1412 1097">
     <span class='ocr_line' id='line_1_2' title="bbox 74 201 1357 255; baseline -0.006 -6"><span class='ocrx_word' id='word_1_4' title='bbox 74 209 183 250; x_wconf 89' lang='lat' dir='ltr'>cium</span> <span class='ocrx_word' id='word_1_5' title='bbox 211 206 425 255; x_wconf 87' lang='lat' dir='ltr'>iniustum,</span> <span class='ocrx_word' id='word_1_6' title='bbox 446 203 621 245; x_wconf 84' lang='lat' dir='ltr'>Catulus</span> <span class='ocrx_word' id='word_1_7' title='bbox 650 216 702 242; x_wconf 84' lang='lat' dir='ltr'>ex</span> <span class='ocrx_word' id='word_1_8' title='bbox 730 203 932 254; x_wconf 84' lang='lat' dir='ltr'>petitione</span> <span class='ocrx_word' id='word_1_9' title='bbox 962 201 1232 254; x_wconf 87' lang='lat' dir='ltr'>pontificatus</span> <span class='ocrx_word' id='word_1_10' title='bbox 1260 202 1357 242; x_wconf 82' lang='lat' dir='ltr'>odie</span> 
     </span>
     <span class='ocr_line' id='line_1_3' title="bbox 75 267 1356 321; baseline -0.005 -9"><span class='ocrx_word' id='word_1_11' title='bbox 75 274 278 320; x_wconf 88' lang='lat' dir='ltr'>incensus,</span> <span class='ocrx_word' id='word_1_12' title='bbox 317 270 429 321; x_wconf 89' lang='lat' dir='ltr'>quod</span> <span class='ocrx_word' id='word_1_13' title='bbox 466 273 652 308; x_wconf 80' lang='lat' dir='ltr'>extrema</span> <span class='ocrx_word' id='word_1_14' title='bbox 689 271 838 317; x_wconf 88' lang='lat' dir='ltr'>aetate,</span> <span class='ocrx_word' id='word_1_15' title='bbox 876 273 1084 306; x_wconf 83' lang='lat' dir='ltr'>maxumis</span> <span class='ocrx_word' id='word_1_16' title='bbox 1127 267 1356 306; x_wconf 80' lang='lat' dir='ltr'>honeribus</span> 
     </span>
     <span class='ocr_line' id='line_1_4' title="bbox 75 332 1412 387; baseline -0.007 -10"><span class='ocrx_word' id='word_1_17' title='bbox 75 344 185 387; x_wconf 79' lang='lat' dir='ltr'>usus,</span> <span class='ocrx_word' id='word_1_18' title='bbox 201 337 252 375; x_wconf 92' lang='lat' dir='ltr'>ab</span> <span class='ocrx_word' id='word_1_19' title='bbox 270 333 584 374; x_wconf 81' lang='lat' dir='ltr'>adulescentule</span> <span class='ocrx_word' id='word_1_20' title='bbox 603 333 778 373; x_wconf 83' lang='lat' dir='ltr'>Caesare</span> <span class='ocrx_word' id='word_1_21' title='bbox 794 332 932 372; x_wconf 88' lang='lat' dir='ltr'>victus</span> <span class='ocrx_word' id='word_1_22' title='bbox 952 332 1212 380; x_wconf 86' lang='lat' dir='ltr'>discesserat.</span> <span class='ocrx_word' id='word_1_23' title='bbox 1269 332 1354 372; x_wconf 87' lang='lat' dir='ltr'>Res</span> <span class='ocrx_word' id='word_1_24' title='bbox 1391 338 1412 368; x_wconf 86' lang='lat'><strong>3</strong></span> 
     </span>
     <span class='ocr_line' id='line_1_5' title="bbox 75 396 1358 451; baseline -0.006 -9"><span class='ocrx_word' id='word_1_25' title='bbox 75 406 212 442; x_wconf 90' lang='lat' dir='ltr'>autem</span> <span class='ocrx_word' id='word_1_26' title='bbox 243 403 446 451; x_wconf 87' lang='lat' dir='ltr'>oportuna</span> <span class='ocrx_word' id='word_1_27' title='bbox 477 398 709 447; x_wconf 85' lang='lat' dir='ltr'>videbatur,</span> <span class='ocrx_word' id='word_1_28' title='bbox 744 397 854 448; x_wconf 91' lang='lat' dir='ltr'>quod</span> <span class='ocrx_word' id='word_1_29' title='bbox 887 397 924 437; x_wconf 91' lang='lat' dir='ltr'>is</span> <span class='ocrx_word' id='word_1_30' title='bbox 957 396 1158 448; x_wconf 89' lang='lat' dir='ltr'>privatim</span> <span class='ocrx_word' id='word_1_31' title='bbox 1191 396 1358 447; x_wconf 85' lang='lat' dir='ltr'>egregia</span> 
     </span>
     <span class='ocr_line' id='line_1_6' title="bbox 74 461 1358 515; baseline -0.005 -9"><span class='ocrx_word' id='word_1_32' title='bbox 74 465 336 513; x_wconf 68' lang='lat' dir='ltr'>liberalitate,</span> <span class='ocrx_word' id='word_1_33' title='bbox 353 463 518 515; x_wconf 87' lang='lat' dir='ltr'>publice</span> <span class='ocrx_word' id='word_1_34' title='bbox 538 469 744 502; x_wconf 84' lang='lat' dir='ltr'>maxumis</span> <span class='ocrx_word' id='word_1_35' title='bbox 764 461 1004 501; x_wconf 86' lang='lat' dir='ltr'>muneribus</span> <span class='ocrx_word' id='word_1_36' title='bbox 1024 461 1223 511; x_wconf 84' lang='lat' dir='ltr'>grandem</span> <span class='ocrx_word' id='word_1_37' title='bbox 1238 467 1358 512; x_wconf 89' lang='lat' dir='ltr'>pecu-</span> 
     </span>
     <span class='ocr_line' id='line_1_7' title="bbox 75 525 1412 570; baseline -0.004 -1"><span class='ocrx_word' id='word_1_38' title='bbox 75 531 187 570; x_wconf 90' lang='lat' dir='ltr'>niam</span> <span class='ocrx_word' id='word_1_39' title='bbox 215 529 402 568; x_wconf 78' lang='lat' dir='ltr'>debebat.</span> <span class='ocrx_word' id='word_1_40' title='bbox 462 528 544 567; x_wconf 84' lang='lat' dir='ltr'>Sed</span> <span class='ocrx_word' id='word_1_41' title='bbox 572 527 643 566; x_wconf 90' lang='lat' dir='ltr'>ubi</span> <span class='ocrx_word' id='word_1_42' title='bbox 672 526 884 566; x_wconf 82' lang='lat' dir='ltr'>consulem</span> <span class='ocrx_word' id='word_1_43' title='bbox 913 526 968 566; x_wconf 91' lang='lat' dir='ltr'>ad</span> <span class='ocrx_word' id='word_1_44' title='bbox 995 530 1161 565; x_wconf 90' lang='lat' dir='ltr'>tantum</span> <span class='ocrx_word' id='word_1_45' title='bbox 1189 525 1355 565; x_wconf 85' lang='lat' dir='ltr'>facinus</span> <span class='ocrx_word' id='word_1_46' title='bbox 1390 532 1412 562; x_wconf 80' lang='lat'>4</span> 
     </span>
     <span class='ocr_line' id='line_1_8' title="bbox 75 590 1357 646; baseline -0.004 -13"><span class='ocrx_word' id='word_1_47' title='bbox 75 594 287 646; x_wconf 89' lang='lat' dir='ltr'>impellere</span> <span class='ocrx_word' id='word_1_48' title='bbox 305 597 526 644; x_wconf 88' lang='lat' dir='ltr'>nequeunt,</span> <span class='ocrx_word' id='word_1_49' title='bbox 542 591 627 643; x_wconf 88' lang='lat' dir='ltr'>ipsi</span> <span class='ocrx_word' id='word_1_50' title='bbox 646 591 896 641; x_wconf 77' lang='lat' dir='ltr'>singillatim</span> <span class='ocrx_word' id='word_1_51' title='bbox 916 590 1212 630; x_wconf 82' lang='lat' dir='ltr'>circumeunde</span> <span class='ocrx_word' id='word_1_52' title='bbox 1231 593 1357 641; x_wconf 91' lang='lat' dir='ltr'>atque</span> 
     </span>
     <span class='ocr_line' id='line_1_9' title="bbox 76 654 1356 708; baseline -0.004 -10"><span class='ocrx_word' id='word_1_53' title='bbox 76 657 353 706; x_wconf 81' lang='lat' dir='ltr'>ementiundo,</span> <span class='ocrx_word' id='word_1_54' title='bbox 387 669 493 708; x_wconf 90' lang='lat' dir='ltr'>quae</span> <span class='ocrx_word' id='word_1_55' title='bbox 531 663 576 696; x_wconf 91' lang='lat' dir='ltr'>se</span> <span class='ocrx_word' id='word_1_56' title='bbox 613 668 666 695; x_wconf 84' lang='lat' dir='ltr'>ex</span> <span class='ocrx_word' id='word_1_57' title='bbox 698 655 915 696; x_wconf 82' lang='lat' dir='ltr'>Volturcie</span> <span class='ocrx_word' id='word_1_58' title='bbox 951 658 1025 694; x_wconf 87' lang='lat' dir='ltr'>aut</span> <span class='ocrx_word' id='word_1_59' title='bbox 1057 654 1356 704; x_wconf 86' lang='lat' dir='ltr'>Allobrogibus</span> 
     </span>
     <span class='ocr_line' id='line_1_10' title="bbox 76 718 1356 772; baseline -0.004 -9"><span class='ocrx_word' id='word_1_60' title='bbox 76 724 238 764; x_wconf 81' lang='lat' dir='ltr'>audisse</span> <span class='ocrx_word' id='word_1_61' title='bbox 271 723 468 771; x_wconf 80' lang='lat' dir='ltr'>dicerent,</span> <span class='ocrx_word' id='word_1_62' title='bbox 501 727 694 772; x_wconf 88' lang='lat' dir='ltr'>magnam</span> <span class='ocrx_word' id='word_1_63' title='bbox 726 720 793 759; x_wconf 81' lang='lat' dir='ltr'>illi</span> <span class='ocrx_word' id='word_1_64' title='bbox 824 719 1029 759; x_wconf 88' lang='lat' dir='ltr'>invidiam</span> <span class='ocrx_word' id='word_1_65' title='bbox 1062 718 1356 769; x_wconf 84' lang='lat' dir='ltr'>cenflaverant,</span> 
     </span>
     <span class='ocr_line' id='line_1_11' title="bbox 76 783 1360 839; baseline -0.003 -12"><span class='ocrx_word' id='word_1_66' title='bbox 76 799 207 839; x_wconf 90' lang='lat' dir='ltr'>usque</span> <span class='ocrx_word' id='word_1_67' title='bbox 221 793 282 836; x_wconf 81' lang='lat' dir='ltr'>ee,</span> <span class='ocrx_word' id='word_1_68' title='bbox 295 790 342 825; x_wconf 90' lang='lat' dir='ltr'>ut</span> <span class='ocrx_word' id='word_1_69' title='bbox 357 785 548 825; x_wconf 80' lang='lat' dir='ltr'>nonnulli</span> <span class='ocrx_word' id='word_1_70' title='bbox 563 785 726 836; x_wconf 77' lang='lat' dir='ltr'>equites</span> <span class='ocrx_word' id='word_1_71' title='bbox 742 785 935 834; x_wconf 83' lang='lat' dir='ltr'>Remani,</span> <span class='ocrx_word' id='word_1_72' title='bbox 948 790 1023 836; x_wconf 89' lang='lat' dir='ltr'>qui</span> <span class='ocrx_word' id='word_1_73' title='bbox 1035 783 1219 836; x_wconf 88' lang='lat' dir='ltr'>praesidi</span> <span class='ocrx_word' id='word_1_74' title='bbox 1233 790 1360 823; x_wconf 87' lang='lat' dir='ltr'>causa</span> 
     </span>
     <span class='ocr_line' id='line_1_12' title="bbox 76 848 1360 900; baseline -0.003 -9"><span class='ocrx_word' id='word_1_75' title='bbox 76 865 169 892; x_wconf 89' lang='lat' dir='ltr'>cum</span> <span class='ocrx_word' id='word_1_76' title='bbox 186 851 284 891; x_wconf 87' lang='lat' dir='ltr'>telis</span> <span class='ocrx_word' id='word_1_77' title='bbox 303 855 422 890; x_wconf 88' lang='lat' dir='ltr'>erant</span> <span class='ocrx_word' id='word_1_78' title='bbox 441 850 597 890; x_wconf 87' lang='lat' dir='ltr'>circum</span> <span class='ocrx_word' id='word_1_79' title='bbox 623 850 766 889; x_wconf 91' lang='lat' dir='ltr'>aedem</span> <span class='ocrx_word' id='word_1_80' title='bbox 794 849 1061 899; x_wconf 85' lang='lat' dir='ltr'>Concordiae,</span> <span class='ocrx_word' id='word_1_81' title='bbox 1083 861 1156 888; x_wconf 90' lang='lat' dir='ltr'>seu</span> <span class='ocrx_word' id='word_1_82' title='bbox 1182 848 1360 900; x_wconf 90' lang='lat' dir='ltr'>periculi</span> 
     </span>
     <span class='ocr_line' id='line_1_13' title="bbox 77 913 1359 966; baseline -0.002 -11"><span class='ocrx_word' id='word_1_83' title='bbox 77 916 362 966; x_wconf 86' lang='lat' dir='ltr'>magnitudine</span> <span class='ocrx_word' id='word_1_84' title='bbox 381 927 454 954; x_wconf 91' lang='lat' dir='ltr'>seu</span> <span class='ocrx_word' id='word_1_85' title='bbox 469 914 599 954; x_wconf 88' lang='lat' dir='ltr'>animi</span> <span class='ocrx_word' id='word_1_86' title='bbox 613 914 848 953; x_wconf 81' lang='lat' dir='ltr'>mobilitate</span> <span class='ocrx_word' id='word_1_87' title='bbox 869 913 1053 965; x_wconf 86' lang='lat' dir='ltr'>impulsi,</span> <span class='ocrx_word' id='word_1_88' title='bbox 1069 919 1152 964; x_wconf 84' lang='lat' dir='ltr'>que</span> <span class='ocrx_word' id='word_1_89' title='bbox 1172 913 1359 952; x_wconf 89' lang='lat' dir='ltr'>studium</span> 
     </span>
     <span class='ocr_line' id='line_1_14' title="bbox 78 978 1360 1031; baseline -0.003 -11"><span class='ocrx_word' id='word_1_90' title='bbox 78 994 196 1021; x_wconf 88' lang='lat' dir='ltr'>suum</span> <span class='ocrx_word' id='word_1_91' title='bbox 211 980 255 1019; x_wconf 92' lang='lat' dir='ltr'>in</span> <span class='ocrx_word' id='word_1_92' title='bbox 270 992 353 1018; x_wconf 89' lang='lat' dir='ltr'>rem</span> <span class='ocrx_word' id='word_1_93' title='bbox 371 979 580 1031; x_wconf 90' lang='lat' dir='ltr'>publicam</span> <span class='ocrx_word' id='word_1_94' title='bbox 595 979 748 1018; x_wconf 87' lang='lat' dir='ltr'>clarius</span> <span class='ocrx_word' id='word_1_95' title='bbox 764 982 886 1028; x_wconf 88' lang='lat' dir='ltr'>esset,</span> <span class='ocrx_word' id='word_1_96' title='bbox 901 978 1133 1028; x_wconf 79' lang='lat' dir='ltr'>egredienti</span> <span class='ocrx_word' id='word_1_97' title='bbox 1143 990 1197 1017; x_wconf 84' lang='lat' dir='ltr'>ex</span> <span class='ocrx_word' id='word_1_98' title='bbox 1211 981 1360 1018; x_wconf 86' lang='lat' dir='ltr'>senatu</span> 
     </span>
     <span class='ocr_line' id='line_1_15' title="bbox 78 1043 783 1097; baseline -0.006 -12"><span class='ocrx_word' id='word_1_99' title='bbox 78 1045 243 1084; x_wconf 80' lang='lat' dir='ltr'>Caesari</span> <span class='ocrx_word' id='word_1_100' title='bbox 261 1044 400 1095; x_wconf 82' lang='lat' dir='ltr'>gladio</span> <span class='ocrx_word' id='word_1_101' title='bbox 419 1043 725 1082; x_wconf 84' lang='lat' dir='ltr'>minitarentur.</span> <span class='ocrx_word' id='word_1_102' title='bbox 758 1071 783 1097; x_wconf 72' lang='grc'>,</span> 
     </span>
    </p>
   </div>
   <div class='ocr_carea' id='block_1_3' title="bbox 77 1166 1415 1271">
    <p class='ocr_par' dir='ltr' id='par_1_3' title="bbox 77 1166 1415 1271">
     <span class='ocr_line' id='line_1_16' title="bbox 77 1166 1415 1214; baseline -0.001 -11"><span class='ocrx_word' id='word_1_103' title='bbox 77 1168 159 1203; x_wconf 82' lang='lat' dir='ltr'>Plot</span> <span class='ocrx_word' id='word_1_104' title='bbox 194 1173 226 1203; x_wconf 85' lang='lat' dir='ltr'>to</span> <span class='ocrx_word' id='word_1_105' title='bbox 266 1168 406 1203; x_wconf 84' lang='lat' dir='ltr'>liberate</span> <span class='ocrx_word' id='word_1_106' title='bbox 445 1167 617 1202; x_wconf 79' lang='lat' dir='ltr'>Lentulus</span> <span class='ocrx_word' id='word_1_107' title='bbox 650 1167 725 1202; x_wconf 85' lang='lat' dir='ltr'>and</span> <span class='ocrx_word' id='word_1_108' title='bbox 764 1166 947 1214; x_wconf 65' lang='lat' dir='ltr'>Cethegus.</span> <span class='ocrx_word' id='word_1_109' title='bbox 1001 1166 1128 1202; x_wconf 82' lang='lat' dir='ltr'>Cicero</span> <span class='ocrx_word' id='word_1_110' title='bbox 1160 1178 1329 1202; x_wconf 63' lang='lat' dir='ltr'>convertes</span> <span class='ocrx_word' id='word_1_111' title='bbox 1361 1167 1415 1202; x_wconf 68' lang='lat' dir='ltr'>tlte</span> 
     </span>
     <span class='ocr_line' id='line_1_17' title="bbox 276 1225 1210 1271; baseline -0.001 -11"><span class='ocrx_word' id='word_1_112' title='bbox 276 1226 415 1261; x_wconf 84' lang='lat' dir='ltr'>Senate.</span> <span class='ocrx_word' id='word_1_113' title='bbox 466 1225 612 1260; x_wconf 80' lang='lat' dir='ltr'>Silanus</span> <span class='ocrx_word' id='word_1_114' title='bbox 630 1236 799 1271; x_wconf 84' lang='lat' dir='ltr'>proposes</span> <span class='ocrx_word' id='word_1_115' title='bbox 822 1225 956 1270; x_wconf 82' lang='lat' dir='ltr'>capital</span> <span class='ocrx_word' id='word_1_116' title='bbox 972 1225 1210 1271; x_wconf 76' lang='lat' dir='ltr'>punishment.</span> 
     </span>
    </p>
   </div>
   <div class='ocr_carea' id='block_1_4' title="bbox 78 1305 1415 2258">
    <p class='ocr_par' dir='ltr' id='par_1_4' title="bbox 78 1305 1415 2258">
     <span class='ocr_line' id='line_1_18' title="bbox 131 1305 1362 1355; baseline 0 -10"><span class='ocrx_word' id='word_1_117' title='bbox 131 1307 176 1346; x_wconf 89' lang='lat' dir='ltr'>L.</span> <span class='ocrx_word' id='word_1_118' title='bbox 214 1307 326 1345; x_wconf 89' lang='lat' dir='ltr'>Dum</span> <span class='ocrx_word' id='word_1_119' title='bbox 346 1306 446 1345; x_wconf 88' lang='lat' dir='ltr'>haec</span> <span class='ocrx_word' id='word_1_120' title='bbox 467 1306 512 1344; x_wconf 90' lang='lat' dir='ltr'>in</span> <span class='ocrx_word' id='word_1_121' title='bbox 531 1309 679 1345; x_wconf 89' lang='lat' dir='ltr'>senatu</span> <span class='ocrx_word' id='word_1_122' title='bbox 698 1309 879 1355; x_wconf 86' lang='lat' dir='ltr'>aguntur</span> <span class='ocrx_word' id='word_1_123' title='bbox 899 1309 941 1344; x_wconf 88' lang='lat' dir='ltr'>ct</span> <span class='ocrx_word' id='word_1_124' title='bbox 960 1305 1060 1344; x_wconf 91' lang='lat' dir='ltr'>dum</span> <span class='ocrx_word' id='word_1_125' title='bbox 1079 1305 1230 1355; x_wconf 87' lang='lat' dir='ltr'>legatis</span> <span class='ocrx_word' id='word_1_126' title='bbox 1245 1305 1362 1345; x_wconf 92' lang='lat' dir='ltr'>Allo-</span> 
     </span>
     <span class='ocr_line' id='line_1_19' title="bbox 79 1369 1359 1421; baseline 0 -11"><span class='ocrx_word' id='word_1_127' title='bbox 79 1371 250 1421; x_wconf 88' lang='lat' dir='ltr'>brogum</span> <span class='ocrx_word' id='word_1_128' title='bbox 286 1374 328 1410; x_wconf 89' lang='lat' dir='ltr'>et</span> <span class='ocrx_word' id='word_1_129' title='bbox 364 1372 410 1410; x_wconf 90' lang='lat' dir='ltr'>T.</span> <span class='ocrx_word' id='word_1_130' title='bbox 445 1370 674 1419; x_wconf 82' lang='lat' dir='ltr'>Volturcio,</span> <span class='ocrx_word' id='word_1_131' title='bbox 708 1369 976 1421; x_wconf 82' lang='lat' dir='ltr'>comprobate</span> <span class='ocrx_word' id='word_1_132' title='bbox 1013 1376 1156 1409; x_wconf 83' lang='lat' dir='ltr'>eorum</span> <span class='ocrx_word' id='word_1_133' title='bbox 1193 1370 1359 1420; x_wconf 79' lang='lat' dir='ltr'>indicio,</span> 
     </span>
     <span class='ocr_line' id='line_1_20' title="bbox 80 1434 1360 1486; baseline 0.001 -13"><span class='ocrx_word' id='word_1_134' title='bbox 80 1435 262 1486; x_wconf 90' lang='lat' dir='ltr'>praemia</span> <span class='ocrx_word' id='word_1_135' title='bbox 298 1435 587 1484; x_wconf 88' lang='lat' dir='ltr'>decernuntur,</span> <span class='ocrx_word' id='word_1_136' title='bbox 626 1434 779 1474; x_wconf 73' lang='lat' dir='ltr'>liberti</span> <span class='ocrx_word' id='word_1_137' title='bbox 808 1438 851 1473; x_wconf 90' lang='lat' dir='ltr'>et</span> <span class='ocrx_word' id='word_1_138' title='bbox 888 1440 1011 1485; x_wconf 86' lang='lat' dir='ltr'>pauci</span> <span class='ocrx_word' id='word_1_139' title='bbox 1047 1447 1099 1473; x_wconf 84' lang='lat' dir='ltr'>ex</span> <span class='ocrx_word' id='word_1_140' title='bbox 1136 1434 1360 1474; x_wconf 83' lang='lat' dir='ltr'>clientibus</span> 
     </span>
     <span class='ocr_line' id='line_1_21' title="bbox 80 1497 1362 1550; baseline -0.001 -11"><span class='ocrx_word' id='word_1_141' title='bbox 80 1499 249 1539; x_wconf 83' lang='lat' dir='ltr'>Lentuli</span> <span class='ocrx_word' id='word_1_142' title='bbox 281 1500 458 1539; x_wconf 76' lang='lat' dir='ltr'>divorsis</span> <span class='ocrx_word' id='word_1_143' title='bbox 495 1499 717 1539; x_wconf 88' lang='lat' dir='ltr'>itineribus</span> <span class='ocrx_word' id='word_1_144' title='bbox 750 1497 919 1550; x_wconf 89' lang='lat' dir='ltr'>opifices</span> <span class='ocrx_word' id='word_1_145' title='bbox 953 1502 1078 1550; x_wconf 89' lang='lat' dir='ltr'>atque</span> <span class='ocrx_word' id='word_1_146' title='bbox 1111 1499 1285 1539; x_wconf 87' lang='lat' dir='ltr'>servitia</span> <span class='ocrx_word' id='word_1_147' title='bbox 1315 1499 1362 1538; x_wconf 91' lang='lat' dir='ltr'>in</span> 
     </span>
     <span class='ocr_line' id='line_1_22' title="bbox 78 1563 1363 1615; baseline 0.001 -13"><span class='ocrx_word' id='word_1_148' title='bbox 78 1570 182 1604; x_wconf 88' lang='lat' dir='ltr'>vicis</span> <span class='ocrx_word' id='word_1_149' title='bbox 201 1564 255 1604; x_wconf 90' lang='lat' dir='ltr'>ad</span> <span class='ocrx_word' id='word_1_150' title='bbox 272 1577 365 1603; x_wconf 90' lang='lat' dir='ltr'>eum</span> <span class='ocrx_word' id='word_1_151' title='bbox 386 1563 650 1615; x_wconf 81' lang='lat' dir='ltr'>eripiundum</span> <span class='ocrx_word' id='word_1_152' title='bbox 676 1563 973 1613; x_wconf 82' lang='lat' dir='ltr'>sollicitabant,</span> <span class='ocrx_word' id='word_1_153' title='bbox 994 1563 1148 1614; x_wconf 87' lang='lat' dir='ltr'>partim</span> <span class='ocrx_word' id='word_1_154' title='bbox 1174 1570 1363 1615; x_wconf 85' lang='lat' dir='ltr'>exquire·</span> 
     </span>
     <span class='ocr_line' id='line_1_23' title="bbox 79 1628 1361 1680; baseline 0 -12"><span class='ocrx_word' id='word_1_155' title='bbox 79 1628 180 1668; x_wconf 83' lang='lat' dir='ltr'>bant</span> <span class='ocrx_word' id='word_1_156' title='bbox 215 1629 340 1668; x_wconf 87' lang='lat' dir='ltr'>duces</span> <span class='ocrx_word' id='word_1_157' title='bbox 378 1628 708 1678; x_wconf 79' lang='lat' dir='ltr'>multitudinum,</span> <span class='ocrx_word' id='word_1_158' title='bbox 742 1634 816 1679; x_wconf 88' lang='lat' dir='ltr'>qui</span> <span class='ocrx_word' id='word_1_159' title='bbox 852 1628 988 1679; x_wconf 78' lang='lat' dir='ltr'>pretio</span> <span class='ocrx_word' id='word_1_160' title='bbox 1025 1641 1112 1667; x_wconf 91' lang='lat' dir='ltr'>rem</span> <span class='ocrx_word' id='word_1_161' title='bbox 1149 1628 1361 1680; x_wconf 76' lang='lat' dir='ltr'>publicam</span> 
     </span>
     <span class='ocr_line' id='line_1_24' title="bbox 81 1692 1415 1743; baseline -0.001 -11"><span class='ocrx_word' id='word_1_162' title='bbox 81 1699 228 1732; x_wconf 81' lang='lat' dir='ltr'>vexare</span> <span class='ocrx_word' id='word_1_163' title='bbox 247 1693 362 1733; x_wconf 87' lang='lat' dir='ltr'>soliti</span> <span class='ocrx_word' id='word_1_164' title='bbox 383 1697 522 1743; x_wconf 84' lang='lat' dir='ltr'>erant3</span> <span class='ocrx_word' id='word_1_165' title='bbox 553 1692 762 1743; x_wconf 89' lang='lat' dir='ltr'>Cethegus</span> <span class='ocrx_word' id='word_1_166' title='bbox 788 1696 927 1732; x_wconf 89' lang='lat' dir='ltr'>autem</span> <span class='ocrx_word' id='word_1_167' title='bbox 953 1704 1027 1743; x_wconf 89' lang='lat' dir='ltr'>per</span> <span class='ocrx_word' id='word_1_168' title='bbox 1045 1692 1215 1732; x_wconf 78' lang='lat' dir='ltr'>nunties</span> <span class='ocrx_word' id='word_1_169' title='bbox 1241 1693 1361 1732; x_wconf 87' lang='lat' dir='ltr'>fami·</span> <span class='ocrx_word' id='word_1_170' title='bbox 1396 1701 1415 1730; x_wconf 91' lang='lat'>2</span> 
     </span>
     <span class='ocr_line' id='line_1_25' title="bbox 81 1756 1361 1808; baseline 0.001 -12"><span class='ocrx_word' id='word_1_171' title='bbox 81 1756 179 1797; x_wconf 84' lang='lat' dir='ltr'>liam</span> <span class='ocrx_word' id='word_1_172' title='bbox 207 1761 331 1808; x_wconf 86' lang='lat' dir='ltr'>atque</span> <span class='ocrx_word' id='word_1_173' title='bbox 359 1757 530 1796; x_wconf 83' lang='lat' dir='ltr'>libertos</span> <span class='ocrx_word' id='word_1_174' title='bbox 559 1763 668 1807; x_wconf 83' lang='lat' dir='ltr'>sues,</span> <span class='ocrx_word' id='word_1_175' title='bbox 695 1757 825 1796; x_wconf 76' lang='lat' dir='ltr'>lectus</span> <span class='ocrx_word' id='word_1_176' title='bbox 855 1760 898 1795; x_wconf 87' lang='lat' dir='ltr'>et</span> <span class='ocrx_word' id='word_1_177' title='bbox 925 1756 1188 1807; x_wconf 78' lang='lat' dir='ltr'>exercitatus,</span> <span class='ocrx_word' id='word_1_178' title='bbox 1217 1757 1361 1797; x_wconf 83' lang='lat' dir='ltr'>orabat</span> 
     </span>
     <span class='ocr_line' id='line_1_26' title="bbox 80 1821 1415 1872; baseline -0.002 -11"><span class='ocrx_word' id='word_1_179' title='bbox 80 1825 128 1861; x_wconf 87' lang='lat' dir='ltr'>ut</span> <span class='ocrx_word' id='word_1_180' title='bbox 145 1834 266 1872; x_wconf 88' lang='lat' dir='ltr'>grege</span> <span class='ocrx_word' id='word_1_181' title='bbox 284 1822 397 1861; x_wconf 85' lang='lat' dir='ltr'>facto</span> <span class='ocrx_word' id='word_1_182' title='bbox 416 1834 510 1860; x_wconf 88' lang='lat' dir='ltr'>cum</span> <span class='ocrx_word' id='word_1_183' title='bbox 535 1821 634 1861; x_wconf 86' lang='lat' dir='ltr'>telis</span> <span class='ocrx_word' id='word_1_184' title='bbox 660 1821 714 1860; x_wconf 86' lang='lat' dir='ltr'>ad</span> <span class='ocrx_word' id='word_1_185' title='bbox 740 1827 830 1860; x_wconf 86' lang='lat' dir='ltr'>sese</span> <span class='ocrx_word' id='word_1_186' title='bbox 856 1821 1146 1872; x_wconf 81' lang='lat' dir='ltr'>irrumperent.</span> <span class='ocrx_word' id='word_1_187' title='bbox 1205 1822 1360 1862; x_wconf 85' lang='lat' dir='ltr'>Censul</span> <span class='ocrx_word' id='word_1_188' title='bbox 1396 1829 1415 1858; x_wconf 90' lang='lat'><strong>3</strong></span> 
     </span>
     <span class='ocr_line' id='line_1_27' title="bbox 80 1885 1360 1938; baseline 0.001 -13"><span class='ocrx_word' id='word_1_189' title='bbox 80 1886 151 1926; x_wconf 90' lang='lat' dir='ltr'>ubi</span> <span class='ocrx_word' id='word_1_190' title='bbox 165 1898 213 1925; x_wconf 88' lang='lat' dir='ltr'>ea</span> <span class='ocrx_word' id='word_1_191' title='bbox 226 1892 364 1938; x_wconf 86' lang='lat' dir='ltr'>parari</span> <span class='ocrx_word' id='word_1_192' title='bbox 381 1885 588 1936; x_wconf 81' lang='lat' dir='ltr'>cognevit,</span> <span class='ocrx_word' id='word_1_193' title='bbox 604 1885 823 1936; x_wconf 86' lang='lat' dir='ltr'>dispositis</span> <span class='ocrx_word' id='word_1_194' title='bbox 842 1885 1063 1936; x_wconf 88' lang='lat' dir='ltr'>praesidiis</span> <span class='ocrx_word' id='word_1_195' title='bbox 1082 1889 1130 1925; x_wconf 88' lang='lat' dir='ltr'>ut</span> <span class='ocrx_word' id='word_1_196' title='bbox 1148 1892 1214 1926; x_wconf 90' lang='lat' dir='ltr'>res</span> <span class='ocrx_word' id='word_1_197' title='bbox 1234 1890 1360 1937; x_wconf 89' lang='lat' dir='ltr'>atque</span> 
     </span>
     <span class='ocr_line' id='line_1_28' title="bbox 78 1950 1359 2002; baseline 0.001 -13"><span class='ocrx_word' id='word_1_198' title='bbox 78 1953 242 2002; x_wconf 83' lang='lat' dir='ltr'>tempus</span> <span class='ocrx_word' id='word_1_199' title='bbox 269 1950 474 2000; x_wconf 90' lang='lat' dir='ltr'>monebat,</span> <span class='ocrx_word' id='word_1_200' title='bbox 495 1955 720 1989; x_wconf 82' lang='lat' dir='ltr'>convocato</span> <span class='ocrx_word' id='word_1_201' title='bbox 748 1954 897 1989; x_wconf 87' lang='lat' dir='ltr'>senatu</span> <span class='ocrx_word' id='word_1_202' title='bbox 924 1950 1067 2000; x_wconf 83' lang='lat' dir='ltr'>refert,</span> <span class='ocrx_word' id='word_1_203' title='bbox 1087 1950 1192 2001; x_wconf 90' lang='lat' dir='ltr'>quid</span> <span class='ocrx_word' id='word_1_204' title='bbox 1219 1950 1270 1989; x_wconf 88' lang='lat' dir='ltr'>de</span> <span class='ocrx_word' id='word_1_205' title='bbox 1298 1957 1359 1990; x_wconf 89' lang='lat' dir='ltr'>eis</span> 
     </span>
     <span class='ocr_line' id='line_1_29' title="bbox 78 2013 1415 2066; baseline -0.001 -12"><span class='ocrx_word' id='word_1_206' title='bbox 78 2013 168 2054; x_wconf 87' lang='lat' dir='ltr'>fieri</span> <span class='ocrx_word' id='word_1_207' title='bbox 186 2015 358 2066; x_wconf 89' lang='lat' dir='ltr'>placeat,</span> <span class='ocrx_word' id='word_1_208' title='bbox 379 2021 452 2066; x_wconf 88' lang='lat' dir='ltr'>qui</span> <span class='ocrx_word' id='word_1_209' title='bbox 476 2014 521 2053; x_wconf 87' lang='lat' dir='ltr'>in</span> <span class='ocrx_word' id='word_1_210' title='bbox 546 2014 778 2053; x_wconf 75' lang='lat' dir='ltr'>custudiam</span> <span class='ocrx_word' id='word_1_211' title='bbox 804 2014 953 2053; x_wconf 89' lang='lat' dir='ltr'>traditi</span> <span class='ocrx_word' id='word_1_212' title='bbox 978 2015 1271 2054; x_wconf 64' lang='lat' dir='ltr'>erant—Sed</span> <span class='ocrx_word' id='word_1_213' title='bbox 1289 2021 1359 2055; x_wconf 83' lang='lat' dir='ltr'>eos</span> <span class='ocrx_word' id='word_1_214' title='bbox 1394 2023 1415 2052; x_wconf 81' lang='lat'>4</span> 
     </span>
     <span class='ocr_line' id='line_1_30' title="bbox 79 2078 1360 2130; baseline 0 -12"><span class='ocrx_word' id='word_1_215' title='bbox 79 2078 202 2130; x_wconf 82' lang='lat' dir='ltr'>paulo</span> <span class='ocrx_word' id='word_1_216' title='bbox 234 2083 330 2119; x_wconf 88' lang='lat' dir='ltr'>ante</span> <span class='ocrx_word' id='word_1_217' title='bbox 362 2079 561 2130; x_wconf 88' lang='lat' dir='ltr'>frequens</span> <span class='ocrx_word' id='word_1_218' title='bbox 594 2082 764 2118; x_wconf 88' lang='lat' dir='ltr'>senatus</span> <span class='ocrx_word' id='word_1_219' title='bbox 801 2079 1063 2118; x_wconf 87' lang='lat' dir='ltr'>iudicaverat</span> <span class='ocrx_word' id='word_1_220' title='bbox 1095 2082 1242 2119; x_wconf 88' lang='lat' dir='ltr'>contra</span> <span class='ocrx_word' id='word_1_221' title='bbox 1273 2091 1360 2118; x_wconf 90' lang='lat' dir='ltr'>rem</span> 
     </span>
     <span class='ocr_line' id='line_1_31' title="bbox 78 2143 1360 2194; baseline 0.002 -12"><span class='ocrx_word' id='word_1_222' title='bbox 78 2143 285 2194; x_wconf 84' lang='lat' dir='ltr'>publicam</span> <span class='ocrx_word' id='word_1_223' title='bbox 322 2143 484 2183; x_wconf 89' lang='lat' dir='ltr'>fecisse.</span> <span class='ocrx_word' id='word_1_224' title='bbox 498 2144 670 2182; x_wconf 81' lang='lat' dir='ltr'>—Tum</span> <span class='ocrx_word' id='word_1_225' title='bbox 707 2144 758 2182; x_wconf 89' lang='lat' dir='ltr'>D.</span> <span class='ocrx_word' id='word_1_226' title='bbox 795 2143 943 2182; x_wconf 83' lang='lat' dir='ltr'>Iunius</span> <span class='ocrx_word' id='word_1_227' title='bbox 981 2143 1162 2193; x_wconf 85' lang='lat' dir='ltr'>Silanus,</span> <span class='ocrx_word' id='word_1_228' title='bbox 1200 2150 1360 2194; x_wconf 85' lang='lat' dir='ltr'>primus</span> 
     </span>
     <span class='ocr_line' id='line_1_32' title="bbox 78 2206 1360 2258; baseline 0.002 -11"><span class='ocrx_word' id='word_1_229' title='bbox 78 2207 327 2247; x_wconf 82' lang='lat' dir='ltr'>sententiam</span> <span class='ocrx_word' id='word_1_230' title='bbox 346 2211 528 2258; x_wconf 84' lang='lat' dir='ltr'>rogatus,</span> <span class='ocrx_word' id='word_1_231' title='bbox 549 2207 661 2258; x_wconf 90' lang='lat' dir='ltr'>quod</span> <span class='ocrx_word' id='word_1_232' title='bbox 678 2213 727 2246; x_wconf 83' lang='lat' dir='ltr'>eo</span> <span class='ocrx_word' id='word_1_233' title='bbox 745 2210 932 2258; x_wconf 89' lang='lat' dir='ltr'>tempore</span> <span class='ocrx_word' id='word_1_234' title='bbox 951 2206 1096 2247; x_wconf 86' lang='lat' dir='ltr'>censul</span> <span class='ocrx_word' id='word_1_235' title='bbox 1117 2207 1360 2258; x_wconf 84' lang='lat' dir='ltr'>designatus</span> 
     </span>
    </p>
   </div>
  </div>
 </body>
</html>
