1488 2436
109 106 165 149 54
493 123 584 157 eu
611 124 843 159 smusrr
872 128 1030 161 ossrsm

122 235 143 266 δ
163 227 296 270 ficisei
325 234 590 284 nequiverim.
645 236 768 276 Nune
799 243 896 277 vere
927 244 1007 289 que
1038 238 1127 279 loeo
1158 245 1222 279 res
1253 243 1415 280 nostrae

122 300 142 330 6
159 292 255 343 sint,
286 294 404 335 iuxta
429 304 587 337 mecum
615 306 755 339 omnes
783 300 1036 350 intellegitis.
1102 303 1320 342 Exercitus
1347 303 1415 342 ho-

159 357 285 396 stium
314 359 406 409 duo,
431 367 537 400 unus
560 362 611 401 ab
633 363 744 412 urbe,
774 363 878 402 alter
901 370 925 402 e.
948 365 1085 404 Gallie,
1114 365 1300 404 obstant:
1329 366 1415 405 diu-

156 419 240 459 tius
258 421 303 460 in
320 422 386 462 his
406 423 507 464 loeis
526 437 627 475 esse,
644 432 680 464 si
698 432 886 465 maxume
906 427 1064 467 animus
1080 428 1200 477 ferat,
1217 429 1415 469 frumenti

123 489 142 520 ’1
159 487 281 534 atque
301 485 475 525 alierum
498 494 631 527 rerum
653 493 811 538 egestas
831 490 1044 540 prohibet:
1074 497 1328 542 quecumque
1354 499 1414 532 ire

122 553 142 583 8
157 546 304 597 placet,
341 550 452 590 ferre
489 551 567 590 iter
604 552 873 603 aperiundum
910 557 984 593 est.
1049 554 1305 606 Quapropter
1339 562 1412 596 ves

155 618 310 660 moneo,
331 616 394 651 uti
422 614 523 653 forti
541 618 664 666 atque
691 619 834 666 parate
852 616 989 655 anime
1010 617 1102 656 sitis
1121 622 1164 657 et
1188 630 1280 657 oum
1298 631 1414 670 proe-

154 671 257 711 lium
286 674 457 725 inibitis,
478 678 747 718 memineritis
775 685 847 718 ves
872 679 1053 729 divitias,
1071 681 1207 730 decus,
1228 682 1412 732 gloriam,

155 741 366 786 praeterea
392 739 623 780 libertatem
649 745 772 792 atque
792 742 968 792 patriam
1000 743 1044 781 in
1075 744 1233 784 dextris
1264 749 1412 785 vostris

113 805 133 835 9
154 803 327 849 portare.
385 803 429 841 Si
449 803 661 853 vincimus,
683 805 820 844 omnia
838 806 955 845 nebis
983 810 1074 845 tuta
1092 812 1223 855 erunt,
1243 820 1412 847 comme-

152 865 244 902 atus
272 865 445 915 abunde,
475 867 701 918 municipia
728 871 851 918 atque
877 869 1059 908 coloniae
1087 870 1307 920 patebunt:
1346 878 1411 911 sin

101 932 139 963 10
154 929 267 965 metu
285 920 538 978 cesserimus,
554 931 696 969 eadem
715 930 789 970 illa
807 932 980 971 advorsa
991 932 1118 982 fient3
1147 945 1278 983 neque
1297 934 1410 974 loeus

152 1001 284 1039 neque
304 998 457 1031 amicus
478 993 692 1044 quisquam
712 997 834 1044 teget,
850 1007 970 1044 quem
990 1007 1102 1034 arma
1119 1002 1202 1035 nen
1219 997 1408 1037 texerint.

101 1058 136 1088 11
153 1052 381 1103 Praeterea,
402 1056 566 1104 milites,
587 1063 670 1095 nen
688 1058 828 1096 eadem
847 1057 965 1097 nobis
985 1061 1027 1096 et
1048 1058 1132 1098 illis
1151 1060 1410 1100 necessitudo

153 1114 385 1166 impendet:
415 1125 489 1158 nes
515 1125 588 1170 pre
607 1120 752 1170 patrie,
774 1126 847 1170 pre
865 1120 1068 1170 libertate,
1088 1128 1163 1172 pre
1181 1125 1269 1161 vita
1286 1127 1411 1162 certe.-

153 1190 255 1228 mus,
286 1180 371 1221 illis
402 1188 746 1233 supervacaneum
775 1186 840 1222 est
875 1189 950 1234 pre
975 1184 1162 1235 potentie.
1190 1192 1409 1235 paucerum

153 1248 344 1291 pugnare.

100 1312 138 1342 12
207 1306 293 1352 Quo
321 1308 516 1347 audacius
544 1309 853 1359 adgrediamini,
881 1316 1079 1350 memores
1107 1311 1306 1361 pristinae
1332 1312 1410 1351 vir·

98 1376 136 1406 13
150 1369 265 1408 tutis.
321 1371 461 1410 Licuit
489 1373 604 1412 vebis
624 1359 715 1411 cuin
735 1379 895 1412 summe.
915 1373 1172 1424 turpitudine
1199 1374 1244 1412 in
1262 1375 1408 1414 exsilio

149 1437 325 1472 aetatem
346 1447 476 1484 agere,
497 1435 691 1486 potuistis
710 1436 901 1475 nennfllli
918 1437 1084 1486 Remae,
1097 1437 1260 1477 amissis
1278 1438 1406 1487 bonis,

98 1504 135 1534 14
151 1496 306 1536 alienes
333 1504 429 1548 opes
458 1503 715 1549 exspectare:
745 1499 843 1550 quia
869 1499 943 1538 illa
969 1500 1092 1539 foeda
1118 1504 1240 1551 atque
1267 1501 1408 1540 intole-

98 1570 134 1598 15
152 1560 281 1599 randa
297 1561 398 1600 viris
411 1561 669 1611 videbantur,
685 1562 785 1601 haee
805 1568 923 1612 sequi
937 1562 1187 1602 decrevistis.
1245 1564 1290 1603 Si
1307 1564 1407 1603 haec

149 1623 379 1674 relinquere
407 1624 544 1673 voltis,
573 1625 744 1664 audacia
771 1638 872 1676 opus
900 1629 984 1665 est:
1022 1632 1142 1665 neme
1169 1626 1251 1666 nisi
1278 1626 1407 1666 vietor

97 1695 134 1724 16
149 1692 248 1737 pace
276 1687 429 1726 bellum
457 1687 643 1726 mutavit.
699 1687 809 1727 Nam
836 1688 880 1726 in
907 1689 1007 1738 fuge,
1034 1689 1207 1728 salutem
1231 1696 1404 1740 sperare,

149 1763 239 1789 eum
259 1763 383 1799 arma,
405 1751 552 1801 quibus
572 1763 716 1801 eorpus
735 1750 900 1800 tegitur,
921 1752 972 1790 ab
990 1751 1175 1791 hostibus
1195 1753 1404 1802 avorteris,

98 1823 135 1852 17
151 1827 199 1853 ea
224 1821 322 1853 vere
351 1814 558 1853 dementia
585 1818 657 1853 est.
728 1815 894 1865 Semper
922 1814 966 1853 in
993 1815 1147 1865 proelie
1175 1821 1233 1854 eis
1269 1822 1406 1854 maxu-

148 1891 259 1917 mum
287 1881 350 1917 est
376 1877 614 1928 perieulum,
635 1883 707 1928 qui
732 1883 921 1916 maxume
945 1877 1114 1917 timent:
1142 1878 1313 1917 audacia
1330 1885 1404 1930 pre

149 1948 264 1980 mure
283 1941 466 1980 habetur.

95 2013 133 2043 18
201 2005 302 2044 Cum
338 2011 410 2043 ves
448 2004 671 2053 censidere,
708 2003 874 2053 milites,
913 2007 955 2043 et
990 2016 1081 2043 oum
1118 2004 1231 2044 faeta
1265 2009 1404 2045 vostra

96 2079 133 2107 19
151 2072 344 2116 aestume,
382 2073 531 2116 magna
565 2073 630 2106 me
668 2073 760 2117 spes
797 2067 992 2106 victeriae
1028 2070 1151 2106 tenet.
1215 2067 1401 2117 Animus,

148 2136 272 2180 aetas,
308 2131 441 2170 virtus
471 2133 611 2169 vostra
639 2136 704 2168 me
732 2130 962 2180 hortantur,
995 2133 1205 2181 praeterea
1233 2131 1403 2170 necessi-

95 2204 135 2233 20
151 2196 263 2246 tudo,
283 2198 386 2246 quae
406 2193 531 2233 etiam
555 2192 724 2232 timides
742 2193 865 2232 fortis
883 2192 996 2232 facit.
1051 2193 1161 2232 Nam
1178 2193 1402 2233 multitude

423 2335 441 2344 αν
